3175 5434
378 521 466 634 2'36
719 553 1065 620 onerant

373 673 454 754 solis
470 678 694 762 horninibus,
722 681 783 771 qni
804 680 920 750 omnia
942 681 1084 772 ingenio
1102 680 1342 767 invenerunt,
1361 703 1424 752 ve·
1508 753 1510 758 .

373 805 453 852 rum
473 782 576 851 etiam
595 777 833 870 serpentibus,
862 780 893 848 tt
915 775 1079 871 piscibus,
1107 783 1328 871 atqneet'ram
1341 778 1424 871 ipsis

373 881 486 956 beluis
507 877 725 957 eruditoris,
747 879 778 948 8(
795 879 1005 969 praepetibus
1026 878 1187 970 gregibus
1206 881 1348 950 alitum:
1365 876 1421 948 us·

374 1003 443 1070 que
459 978 543 1049 adeo
564 995 685 1047 natura
706 981 864 1047 omnium
879 1001 997 1048 rerum
1013 974 1192 1047 fortissima
1211 978 1270 1048 eli.
1300 982 1420 1067 Quem
1508 1035 1510 1042 .

374 1099 492 1148 curam
520 1078 713 1147 anteriorum
740 1077 779 1146 in
810 1075 972 1147 fludiibus
1000 1075 1137 1168 delphis
1168 1073 1302 1168 semper
1322 1080 1420 1169 agit,
1508 1143 1510 1150 .

374 1166 580 1268 g'laucusque
597 1171 735 1254 casua,
765 1171 965 1266 Vitulusque
985 1180 1140 1248 marinus
1159 1194 1291 1266 tetrum
1305 1180 1417 1246 olens.
1508 1191 1510 1194 ⁴

371 1277 494 1366 Ecquo
514 1297 597 1346 vero
621 1277 717 1366 patto
740 1275 778 1342 in
799 1275 940 1345 alitibus
958 1279 1136 1347 caritatem
1161 1275 1420 1347 immutabilem

372 1371 504 1444 habent
525 1371 668 1445 luorum
695 1391 859 1444 iratorum
894 1370 1079 1468 ossifragae,
1115 1374 1417 1466 gemebundaeqne

373 1473 567 1554 columbae,
595 1474 803 1564 &aquilina
829 1496 981 1565 genera,
1016 1469 1220 1563 vivacesque
1247 1479 1418 1545 cornices.

374 1573 565 1660 Qromodo
584 1593 666 1642 itero
689 1573 814 1662 gallina
837 1576 876 1642 in
892 1572 1047 1652 aedibuS,
1074 1572 1339 1649 contubernalis
1359 1573 1423 1643 bo.

372 1675 520 1752 minum,
541 1695 618 1743 cum
635 1677 786 1762 peperit,
803 1688 941 1740 teneros
954 1672 1128 1762 trepidans
1144 1673 1275 1741 circum
1290 1673 1418 1763 pullos,

372 1773 571 1862 accipitrem
597 1765 804 1860 supertecta
829 1767 1044 1840 delabentem
1073 1768 1289 1861 conspicata,
1318 1790 1420 1842 acute
1508 1825 1510 1848 ,

372 1869 514 1962 quidem
530 1865 741 1940 vociferatur
756 1887 909 1960 repente,
922 1871 953 1940 de
967 1866 1206 1960 prosrlitacute
1218 1873 1418 1940 cucuriens:
1508 1871 1510 1922 ἱ

372 1971 543 2040 cervicem
567 1985 683 2038 autem
707 1971 774 2038 alte
798 1966 897 2038 tollit
919 1970 958 2064 in
985 1980 1099 2040 aerem
1122 1974 1344 2051 incurvans,
1383 1972 1416 2040 dc
1508 1991 1510 2002 ·

373 2067 538 2139 oninibus
553 2069 719 2157 utrinque
733 2064 802 2136 suis
822 2064 1031 2141 inhorrescit
1048 2072 1183 2159 pinnis,
1213 2071 1246 2140 &
1269 2071 1341 2140 alas
1364 2086 1417 2162 t⁰e
1508 2097 1510 2120 2

371 2185 424 2239 tas
440 2168 531 2238 laxat
549 2169 748 2236 interram:
786 2165 839 2236 illi
866 2184 981 2236 autern
1001 2169 1126 2258 trepidi
1143 2165 1206 2238 sub
1228 2192 1333 2240 muro
1351 2169 1416 2237 ala-

252 2261 264 2272 ’
370 2290 451 2340 rum
466 2268 577 2350 teneri
595 2265 733 2356 pipiunt
751 2266 874 2360 pullis
896 2289 934 2336 ea
949 2284 1064 2336 autem
1084 2270 1188 2338 etiam
1206 2285 1303 2337 retro
1320 2266 1415 2358 sugat
1508 2329 1510 2332 ,

373 2369 406 2438 ἃ
431 2367 529 2458 pellit
553 2367 669 2437 alitem
696 2365 957 2454 impudentem,
981 2361 1119 2437 servans
1143 2389 1243 2436 caros
1259 2367 1413 2447 liberos,
1508 2405 1510 2442 ε

371 2475 460 2556 q'uos
485 2461 597 2534 adbuc
616 2477 759 2534 teneros
778 2463 859 2543 alit,
886 2465 1089 2554 implumes,
1128 2460 1342 2538 solventium
1359 2491 1417 2536 co-

323 2632 335 2649 ,
370 2587 444 2636 mas
467 2561 699 2635 thalamorum
712 2563 876 2634 liberatos
898 2563 1061 2634 vinculo:
1089 2561 1133 2634 fic
1153 2568 1256 2635 etiam
1278 2563 1413 2637 inseris
1434 2643 1439 2647 ,
1508 2575 1510 2614 ἓ

369 2665 547 2756 rugientes
564 2665 700 2742 leaenae,
721 2665 753 2734 de
773 2658 948 2754 pantherae
961 2662 1106 2745 celeres,
1135 2667 1289 2758 &tigres
1302 2689 1414 2736 macua
1508 2659 1510 2674 ²

369 2763 471 2851 losae,
500 2787 563 2854 pro
591 2764 713 2834 catulis
741 2779 978 2852 propugnant,
1012 2767 1046 2835 de
1074 2787 1154 2834 cum
1182 2763 1412 2837 venatoribus

370 2864 569 2941 decertant,
603 2879 706 2951 atque
730 2885 793 2949 pro
815 2858 883 2931 suis
908 2859 1027 2932 liberis
1051 2857 1219 2934 sustinent
1240 2861 1411 2946 interfici,
1507 2860 1508 2935 l

370 2980 491 3032 contra
516 2983 595 3030 cum
617 2960 755 3028 armatis
777 2960 1039 3050 congredientes
1059 2958 1278 3044 hominibus,
1297 2987 1412 3054 neque
1507 2988 1508 3033 3

367 3083 525 3152 unquam
547 3057 693 3129 horrent
721 3079 785 3146 pro
805 3053 864 3128 sua
890 3060 927 3128 in
956 3063 1142 3130 certamine
1160 3057 1303 3144 sobole,
1326 3085 1412 3136 noo

367 3156 630 3229 multitudinem
656 3154 838 3227 instantem
862 3155 1090 3246 iaculatorum
1109 3158 1303 3249 juvenum,
1338 3186 1413 3233 non
1504 3231 1509 3240 ,

368 3281 415 3326 aes
432 3254 589 3346 fulgens,
603 3258 636 3326 &
647 3258 775 3326 micans
793 3253 946 3338 serrum,
974 3281 1087 3350 neque
1108 3259 1218 3348 jadias
1231 3259 1413 3332 missilium

369 3359 517 3435 celeres,
554 3354 793 3426 &molarium
816 3355 967 3436 crebros.
1010 3357 1186 3432 Festitrant
1211 3377 1329 3432 autem
1350 3376 1415 3432 aut
1507 3438 1508 3441 ,

359 3473 449 3526 ante
466 3455 575 3536 mori,
601 3470 663 3526 aut
678 3455 811 3526 catulos
831 3450 979 3534 servare,

420 3687 502 3755 139.
541 3659 620 3737 Ursi
641 3680 757 3735 autem
781 3659 868 3748 seri,
896 3664 1034 3738 crudele
1054 3689 1183 3758 genus,
1220 3669 1413 3756 callidum,

357 3761 453 3832 ¹villo
474 3761 611 3854 quidem
636 3759 739 3834 denso
752 3761 893 3854 ,aspero
908 3761 1134 3836 arnitlisunt:
1163 3763 1277 3840 sorma
1292 3789 1414 3844 autem

365 3883 442 3931 non
456 3859 619 3944 honesta,
639 3865 778 3952 penitus
797 3863 886 3934 tristi
903 3867 1038 3936 &tetra
1053 3860 1160 3943 facie,
1186 3864 1315 3958 asperis
1328 3870 1414 3943 den,

352 3957 713 4053 ¹tibusperniciosum‚
737 3959 1269 4053 magnum0s‚'caeruleusnasus‚
1284 3973 1417 4042 oculus

263 4058 266 4064 ’
350 4081 463 4140 uacer,
511 4083 569 4152 pes
592 4060 818 4142 celerrimus,
856 4083 982 4152 eorpus
1002 4062 1112 4156 agile,
1140 4060 1254 4134 latum
1281 4087 1412 4158 caput,

363 4182 487 4230 manus
504 4160 663 4231 manibus
683 4158 871 4230 hominum
887 4157 1030 4241 semiles,
1058 4157 1230 4252 pedesque
1242 4167 1409 4254 pedibus,

348 4254 563 4328 'horrendus
581 4260 736 4347 rugitus,
762 4254 1024 4334 fraudulentum
1042 4283 1121 4342 cor,
1144 4257 1314 4349 subdolus
1328 4271 1414 4339 ani.

363 4377 462 4435 mus,
489 4357 597 4426 multa
617 4356 848 4429 &immodica
860 4381 983 4431 venus,
1022 4359 1157 4431 Diebus
1171 4365 1269 4433 enim
1290 4368 1324 4436 &
1340 4391 1414 4438 no-
1506 4406 1507 4417 κ

329 4558 332 4563 ⁵
366 4451 630 4581 diibuscupidae
655 4457 782 4558 amoris
806 4455 887 4555 ipsae
913 4454 1187 4537 ibam..vapde
1207 4476 1446 4562 mma&
1506 4486 1507 4491 Ν
