3175 5434
159 582 163 593 Ι
228 495 236 501 “
305 447 1048 567 urrrscnrrourrtu.rr1·
1108 494 1195 586 '299

162 627 365 704 extrahunt.
398 631 499 718 Quin
520 628 624 698 etiam
643 624 787 700 finuofis
811 629 943 706 retibus
965 629 1119 706 inclusus
1136 633 1227 716 ali-¹

163 730 308 823 quando
328 728 463 824 gladius
482 730 636 820 capitur,
663 729 696 798 &
716 727 860 802 stolidus
880 729 1076 826 oblitusque
1093 732 1198 805 robo-

161 834 214 901 ris
229 827 284 902 sui
300 830 343 900 ad
357 829 508 901 maculas
523 827 692 918 trepidat,
712 851 777 898 nec
792 829 896 902 audet
909 835 1196 926 appropinquare.

162 930 289 1022 Itaque
305 929 349 1000 ad
366 929 449 1002 litus
466 927 607 999 extracti
621 943 722 1020 caput
738 927 853 1002 clavis
864 946 924 1002 aut
938 927 1082 1006 sudibus
1104 957 1197 1010 com·

164 1033 335 1103 minuunt
350 1025 543 1122 piscatores.

226 1246 306 1329 576.
334 1237 386 1309 Ut
402 1233 529 1330 gladii,
552 1236 602 1308 itu
622 1236 725 1310 etiam
745 1231 917 1326 scombri,
952 1232 1082 1312 thunni
1099 1241 1200 1334 (pin-

170 1339 294 1431 gues),
321 1358 423 1418 acus,
456 1333 661 1408 &dentices
683 1337 889 1432 (gregales)
913 1335 1108 1412 stoliditatis
1131 1337 1201 1414 suae

88 1486 91 1490 -
168 1459 290 1529 poeuas
306 1438 433 1528 captivi
448 1436 563 1512 luunt.
592 1434 772 1525 Scombri,
799 1458 878 1512 cum
892 1439 982 1511 alios
996 1438 1118 1513 vident
1131 1443 1200 1512 reti

167 1534 341 1616 inclusos,
368 1536 413 1629 ad
431 1558 491 1606 eos
511 1535 650 1630 ingredi
673 1537 839 1628 cupiunt,
862 1560 950 1610 non
974 1537 1074 1612 aliter
1093 1556 1198 1632 atque

79 1666 80 1669 ¹
168 1640 291 1731 pueri,
314 1638 377 1727 qui
392 1633 562 1708 flammam
576 1639 788 1708 contrectare
804 1642 970 1730 cupiunt,
997 1642 1202 1712 &morma-

169 1761 223 1812 uu
240 1739 395 1829 porreda
412 1738 484 1806 vim
502 1738 594 1830 ignia
619 1759 699 1809 cum
724 1735 846 1812 dolote
866 1741 1103 1831 experiuntur.
1144 1740 1203 1814 In·
1235 1784 1238 1792 »

79 1841 91 1847 ”
171 1833 273 1929 greffi
289 1854 425 1916 autem,
453 1837 512 1906 alii
532 1833 719 1925 (minores)
735 1860 796 1930 per
817 1839 969 1912 maculas
987 1836 1104 1912 rursus
1126 1861 1204 1915 eva-
1305 1912 1310 1921 ,

172 1937 287 2008 dunt:
311 1937 370 2007 alii
387 1934 559 2024 (majores)
574 1933 785 2019 detinentur,
812 1935 943 2010 &dum
958 1956 1030 2010 rete
1040 1939 1083 2010 ad
1100 1942 1203 2011 litora

172 2034 344 2117 trahitur,
368 2035 497 2106 multos
513 2037 552 2106 in
565 2037 632 2107 reti
646 2031 821 2109 scombros
841 2035 1203 2120 nascuncuntur
1269 2065 1273 2079 ·

174 2138 279 2208 cunei
296 2138 461 2226 impastos
475 2133 591 2208 videas
605 2136 793 2229 utrinque,
817 2139 893 2210 aliis
908 2133 1111 2232 ingressum,
1126 2141 1204 2217 aliis

173 2239 311 2310 exitum
329 2234 584 2312 molientibus..

223 2456 305 2539 596.
341 2445 452 2520 Simili
474 2446 718 2518 temeritate&
739 2441 869 2537 thynni
885 2447 1096 2538 capiuntur:
1129 2472 1205 2521 non

176 2564 294 2619 tamen
306 2549 516 2640 perveniunt
533 2549 750 2628 intraretis,
770 2548 832 2638 qui
846 2541 1040 2628 furiosum,
1057 2543 1208 2624 sedduut

175 2645 315 2741 ingredi
334 2647 501 2738 cupiunt3
533 2650 567 2720 dt
587 2647 735 2718 maculas
755 2643 918 2716 dentibus
937 2649 1092 2719 recurvis
1107 2670 1207 2741 appe-

80 2777 83 2784 ·
177 2765 282 2831 tunt,
308 2734 428 2823 iisdem
443 2745 611 2820 haerentes
628 2749 662 2818 dt
678 2747 832 2818 intricati
848 2747 1041 2840 capiuntur.

228 2926 315 3049 des.
341 2963 453 3049 Acus,
474 2957 538 3034 ubi
554 2961 622 3032 reti
640 2951 756 3051 elapsae
778 2951 931 3040 fuerint,
961 2955 1074 3031 statim
1090 2979 1209 3031 rever.

177 3053 243 3141 sae,
271 3058 364 3152 quali
381 3059 415 3133 se
432 3061 579 3142 ulturos,
602 3079 677 3132 rete
689 3055 874 3140 dentibus,
901 3081 990 3151 quos
1011 3054 1211 3152 frequentes
1268 3127 1269 3132 ,

178 3156 331 3274 babent,
356 3177 544 3255 appetunt,
575 3177 677 3252 atque
695 3161 744 3231 ita
764 3155 935 3232 infixa&
960 3155 1130 3232 haerentes
1158 3183 1212 3232 ca-

180 3278 343 3352 ptuntur.

228 3476 313 3539 610.
339 3459 561 3554 Synodontes
576 3457 770 3554 (densiter)
786 3449 975 3528 secundum
991 3472 1131 3530 attatum
1150 3453 1214 3529 dis-

183 3563 451 3636 criminaveluti
462 3563 641 3634 turmatim
655 3575 787 3631 natant
814 3557 904 3628 Cum
914 3551 1058 3648 piscator
1075 3557 1217 3630 hamum

185 3666 228 3741 in
250 3686 310 3736 eos
333 3659 526 3743 demiserit,
555 3658 679 3752 procul
699 3653 918 3730 confistentes
936 3658 1087 3728 invicem
1108 3653 1140 3728 se
1163 3659 1218 3728 im.

187 3773 352 3846 tuentur,
369 3759 435 3856 nee
452 3759 611 3834 accedere
626 3755 766 3832 audent.
792 3752 857 3826 ubi
868 3777 952 3826 vero
962 3754 1087 3849 aliquis
1098 3781 1139 3828 ex
1149 3757 1217 3828 alio

187 3874 293 3958 grege
309 3859 511 3954 prosiliens,
541 3855 651 3932 escum
668 3853 905 3948 devoraverit,
936 3879 1057 3928 omnes
1071 3857 1217 3949 reliqui,

186 3962 349 4056 exemplo
378 3964 482 4054 primi
504 3959 703 4032 audaciores
725 3954 807 4028 sarii
829 3958 1134 4049 appropinquant,
1174 3955 1220 4026 ei·

187 4064 310 4156 boque
336 4060 495 4134 dueum
513 4054 625 4134 veluti
645 4062 737 4131 iuter
752 4051 786 4128 se
804 4057 1042 4138 contendunt,
1071 4057 1132 4146 qui
1151 4055 1221 4145 pri·

79 4224 80 4227 ,
186 4180 271 4238 mus
293 4159 473 4258 piscatoris
489 4182 597 4234 manu
613 4161 784 4233 extractus
802 4159 982 4236 moriatur.

243 4374 331 4440 620.
359 4358 508 4454 Thytmi
520 4359 716 4433 exOceano
727 4358 878 4456 veniunt
887 4357 926 4426 in
938 4346 1225 4427 mediterraneum

186 4487 308 4548 snare,
324 4459 555 4546 tumueread
573 4455 702 4551 subolis
713 4457 996 4648 propaglssugem
1008 4447 1225 4547 instigantur.
