3175 5434
321 526 350 567 .
579 460 841 585 *XM*
1059 429 1062 439 ⁵
1136 497 1220 581 aar

173 623 208 677 at
221 626 362 681 montem
374 614 437 681 lroc
447 617 569 681 nomine
584 616 690 681 nullibi
705 631 902 682 memoratum
919 620 1055 699 repedat.
1084 620 1222 685 Diversus

174 716 247 757 vero
262 696 436 760 Memnonis
449 697 580 761 tumulus
594 698 624 760 h.
634 697 655 762 l.
671 712 918 763 commemoratus
933 701 1218 779 atemplolllemno-
1318 743 1325 753 ·

174 777 221 836 nis
245 777 277 837 in
292 778 375 857 Syria
391 797 453 839 non
466 778 571 857 procul
592 780 720 857 Apamea
737 779 811 855 sito,
840 783 924 856 cunta
945 784 1129 845 mentionem
1148 784 1222 846 facit

174 868 263 917 autor
277 856 419 935 Cyneget.
438 857 556 931 ll.152.
586 858 759 937 Ignorabam
772 874 853 933 tum,
875 879 945 922 cum
963 862 1097 939 quadam
1114 865 1154 925 de
1166 862 1220 924 srtu

173 935 318 999 Embloni
332 940 361 999 ἃ
377 936 489 999 Dioclis
504 940 650 999 montium
664 954 896 1015 commemorer,
916 940 1088 1017 praclarum
1098 944 1222 1005 Strobo-

176 1021 227 1079 nis
243 1016 346 1079 locum
362 1018 428 1080 XV.
443 1038 473 1096 p.
489 1028 576 1093 1058.
594 1020 644 1096 qui
657 1020 791 1082 tenebras
805 1019 867 1081 istat
883 1022 956 1081 mira
967 1018 1035 1083 luce
1048 1023 1217 1100 perfundit:

175 1099 296 1161 retitur
306 1096 338 1162 li
357 1101 459 1165 λέγεται
478 1101 585 1166 Μέμνων
607 1104 662 1175 περὶ
682 1098 782 1161 [idaim
805 1102 851 1169 τῖς
869 1105 962 1176 Συρίας
976 1100 1052 1177 warpei
1071 1101 1160 1163 ualde
1177 1128 1224 1174 ne-

79 1206 85 1213 ·
176 1176 284 1247 ταιμδν,
307 1178 340 1246 ὦς
359 1176 435 1254 εἴρηκε
449 1176 625 1247 Zruuallnelr
641 1183 750 1247 Μέμνονι
766 1176 917 1257 διθυροίμζῳ
932 1184 982 1241 τῶν
999 1185 1143 1247 dunanda.
1174 1182 1221 1243 De
1336 1256 1342 1265 ·

176 1257 235 1319 situ
249 1257 329 1318 urbis
351 1256 424 1320 Palti
435 1256 539 1321 confer
547 1260 726 1321 Strabonem
742 1259 823 1321 XVl.
839 1278 869 1337 p.
885 1280 970 1337 root.
992 1264 1222 1325 Artemidorum

178 1337 261 1415 apud
277 1339 380 1417 Stepla
397 1339 467 1417 Byz.
483 1359 511 1401 v.
523 1336 652 1414 Kalpe&
671 1338 802 1407 [Iuliade.
831 1340 1008 1407 Pliniumll.
1024 1361 1071 1403 20.

264 1416 485 1494 cap.vl1.1.2.
515 1420 712 1497 Negationem
727 1418 758 1480 in
772 1418 825 1483 suo
842 1419 946 1482 codice
969 1421 1090 1483 defuisse
1109 1419 1226 1484 testam:

184 1498 337 1575 Gesrrerus
350 1515 415 1576 pag.
428 1514 486 1573 314
523 1498 576 1560 ubi
594 1518 659 1561 eam
673 1520 710 1561 ex
719 1501 842 1577 ‘ingenio
860 1499 1013 1577 supplevit.
1055 1499 1226 1579 Pervulgata

180 1577 304 1654 quidem
327 1576 367 1638 est
393 1591 527 1639 veterum
554 1580 653 1657 opinio
678 1599 782 1643 coruos
799 1580 844 1640 srti
861 1580 1015 1659 aegrescere
1031 1600 1085 1658 per
1099 1580 1223 1659 longum

180 1656 284 1721 aestatis
301 1670 433 1735 tempua3
462 1656 563 1736 paisrm
582 1660 671 1721 etiam
693 1658 801 1722 labella
815 1659 901 1737 super
916 1659 972 1724 hac
986 1680 1018 1722 re
1033 1673 1227 1734 memoratum

181 1736 235 1799 sed
250 1737 411 1812 rationem,
452 1758 521 1799 uam
536 1736 586 1801 hic
600 1739 697 1802 afferri
709 1741 862 1808 videmus,
881 1760 941 1815 curt
967 1740 1034 1803 ullis
1046 1754 1150 1819 potum
1166 1760 1230 1801 non

181 1816 367 1885 ministrent,
390 1758 496 1879 nullibi
513 1832 681 1882 annotatam
699 1820 834 1900 reperi03
853 1838 910 1881 nec
984 1822 1060 1882 adeo
1080 1820 1167 1883 facile
1189 1820 1228 1882 ad

181 1896 428 1975 intelligendum,
451 1900 602 1975 quomodo
617 1912 716 1978 guttur
736 1901 830 1960 corvis
843 1898 937 1960 statim
952 1920 971 1961 a
984 1901 1065 1963 coitu
1080 1903 1227 1978 dirumpa-

81 2001 85 2007 ·
153 1992 156 1997 ’
183 1992 255 2051 tur,
277 1976 335 2039 five
352 1978 391 2039 ad
410 1991 512 2039 notam
526 1980 558 2039 in
574 1982 654 2041 coitu
673 1979 920 2041 exosculationem
938 1982 1050 2043 corvini
1071 1984 1100 2043 dr
1116 1979 1231 2043 colum-

185 2059 252 2119 bini
266 2059 364 2119 avium
384 2058 516 2139 generis,
537 2058 595 2122 srve
617 2059 655 2121 ad
677 2054 830 2137 vulgarem
852 2060 1040 2137 opinionem,
1071 2079 1129 2139 qua
1149 2061 1232 2124 corvi

187 2160 242 2200 ore
260 2140 339 2199 coire
359 2137 565 2214 tradebantur,
588 2159 694 2201 vocem
712 2140 781 2209 μίξις
796 2138 928 2203 retuleris
980 2140 1002 2203 l.
1014 2148 1042 2202 ό.
1065 2142 1144 2219 quod
1161 2141 1231 2220 legi·

184 2232 236 2281 tur
260 2216 423 2287 ἔλαγνεῦετο,
464 2220 608 2299 Gffuerus
624 2240 653 2297 p.
669 2236 735 2297 334.
752 2221 784 2280 ln
799 2219 957 2294 deposuerim
969 2222 1118 2299 ingeniola
1132 2226 1232 2297 conje-

186 2303 272 2362 &ura
299 2298 406 2359 mutari
432 2297 564 2373 uolebat,
596 2320 683 2377 quam
702 2313 802 2361 tamen
822 2302 951 2377 recipere
967 2320 1029 2361 non
1050 2300 1133 2364 aulus
1146 2301 1230 2373 sum,

190 2380 331 2459 quoniam
349 2380 427 2441 varie
445 2392 560 2450 narrata
577 2380 658 2442 fuille
678 2379 778 2441 fabula
798 2380 924 2443 videtur.
962 2379 1047 2441 Posui
1065 2382 1183 2443 interim
1201 2382 1233 2441 in

179 2460 321 2525 versione
338 2458 428 2520 latina
447 2460 570 2522 verbum
586 2460 753 2535 oblrtiore,
775 2459 856 2537 quod
876 2472 1026 2537 utcunque
1048 2462 1234 2539 Gestrerioaae

188 2542 280 2605 etiam
295 2540 508 2603 emendationis
525 2539 638 2602 sensum
652 2538 725 2601 inse
744 2538 843 2601 habet
866 2538 905 2600 cf.
919 2541 1039 2601 AElionz'
1052 2538 1090 2602 H.
1100 2541 1133 2602 A.
1142 2538 1167 2606 l.
1179 2557 1229 2617 47.

189 2622 265 2699 Cap.
275 2618 354 2685 Vlll.
381 2618 457 2683 Cum
475 2632 576 2681 autore
592 2620 701 2698 Plinio,
726 2638 830 2681 omnes
850 2639 917 2682 aves
937 2621 969 2679 in
993 2621 1085 2700 pedes
1108 2618 1235 2682 adversa

188 2700 367 2772 nascantur,
388 2698 480 2761 solam
504 2701 654 2763 cornicem
678 2698 978 2773 acauda,.cruribus
1000 2701 1236 2778 primumproje·
1282 2726 1286 2733 ·

191 2784 248 2845 etis
267 2801 304 2843 ex
321 2800 378 2841 ovo
395 2778 537 2859 prodire,
569 2781 721 2859 Oppianus
739 2778 759 2839 h
787 2778 809 2842 l.
827 2779 974 2852 affirmat,
1006 2799 1076 2840 cum
1091 2799 1149 2857 quo
1164 2799 1237 2841 con-

192 2863 285 2924 sentit
305 2859 395 2937 Hylas
417 2880 464 2937 ap.
479 2858 606 2921 Plinium
616 2862 657 2925 X.
684 2880 709 2923 c.
719 2858 800 2923 XVI.
824 2860 874 2935 qui
894 2859 1054 2924 tradiderat
1077 2860 1239 2933 aoduam,

192 2945 362 3015 bubonem,
380 2944 489 3021 picum
510 2942 834 3012 arbores'eauuutrm,
867 2952 1042 3019 trygonem,
1075 2945 1238 3011 cornicem,

192 3044 214 3085 o
236 3022 339 3085 cauda
361 3022 398 3081 de
417 3040 478 3081 ovo
495 3026 600 3095 exire,
624 3024 769 3101 quonium
782 3020 920 3099 pondere
938 3025 1074 3100 capitum
1087 3019 1239 3099 perversu

193 3106 279 3174 ovo,
307 3100 505 3181 posteriorem
532 3113 658 3180 portem
687 3118 849 3179 corporum
866 3098 1044 3177 sonandam
1064 3104 1160 3161 neutri
1183 3119 1239 3180 up·

218 3186 322 3245 licent.
813 3245 817 3255 ,

187 3204 216 3266 P
278 3261 350 3339 Cap.
359 3258 414 3323 IX.
426 3256 504 3322 linea
519 3258 623 3322 ultima
637 3256 729 3320 editio
743 3254 848 3318 habet:
870 3253 1094 3335 venumdemus,
1114 3259 1197 3335 cujus
1208 3256 1240 3321 in

195 3343 302 3405 locum
316 3339 432 3419 reposui
450 3338 649 3417 apouapiemlm.
684 3338 759 3399 Vide
780 3350 908 3413 tamen,
938 3359 977 3399 an
999 3360 1068 3402 curn
1093 3345 1243 3403 Brunckr’o

131 3438 133 3441 ’
195 3421 286 3488 malis
304 3424 506 3497 operositatem
524 3418 629 3498 legere.
713 3418 783 3495 Cap.
798 3418 845 3479 X.·
858 3417 917 3481 lim·
929 3418 1035 3482 ultima
1053 3420 1165 3482 editum
1183 3432 1245 3481 erat

199 3504 353 3573 οἷμξλόναι.
377 3500 451 3577 Quae
465 3521 536 3563 vero
551 3498 581 3564 h.
596 3500 617 3563 l.
634 3490 774 3561 dicuntur
792 3498 831 3560 de
851 3498 996 3577 agintho‚
1018 3501 1091 3561 mire
1106 3498 1246 3559 illustrant
1342 3534 1348 3541 ,

196 3582 360 3647 Aristotelis
380 3580 418 3642 de
439 3582 545 3643 eodem
559 3578 660 3641 locum
675 3580 713 3641 H.
729 3579 762 3637 Α.
778 3576 824 3638 lX
852 3598 880 3641 r.
899 3598 988 3654 quern
1002 3579 1081 3639 varie
1100 3590 1245 3639 tentatum

197 3660 286 3726 fuille
311 3662 373 3723 dixi
392 3658 462 3727 olim
484 3662 515 3721 in
533 3658 666 3723 Periculo
686 3658 795 3723 Critico
808 3657 857 3734 'ad
874 3658 1054 3735 Antigonum
1075 3657 1243 3735 carystium.
1359 3675 1364 3690 .

199 3740 355 3821 CapXII.
383 3740 429 3803 Ile
444 3739 566 3815 lacuna,
587 3758 650 3817 quae
673 3738 704 3797 in
721 3734 851 3798 editione
878 3738 1051 3815 Windiugii
1069 3749 1242 3811 annotatur,

199 3822 277 3886 nihil
291 3821 449 3884 admonuit
469 3820 634 3899 Gefirerusu
657 3816 707 3895 qui
721 3828 816 3877 totum
838 3814 869 3877 lr.
887 3814 907 3879 1.
924 3815 1041 3887 strittim
1064 3838 1245 3905 commemo·

199 3906 294 3977 ravit,
316 3922 375 3965 nec
398 3901 520 3961 omnino
543 3898 639 3961 vertit.
673 3896 871 3963 Existimarem
890 3898 1028 3974 equidem
1041 3896 1115 3958 nihil
1130 3897 1245 3975 prorsus

202 3982 318 4057 deeile,
341 3982 431 4058 fipro
452 3982 554 4050 atinae
569 3977 730 4056 reposueris
746 3976 854 4046 ativae.
881 3979 993 4039 Cuneus
1008 3976 1064 4039 hac
1077 3977 1112 4038 in
1133 3977 1248 4039 historia

201 4074 352 4127 memorat
372 4058 461 4123 etiam
481 4058 590 4122 Plinius
613 4059 653 4121 X.
679 4076 743 4135 cap.
766 4066 812 4125 18.
850 4057 923 4132 Qua
941 4057 973 4117 in
999 4057 1058 4119 fine
1079 4058 1117 4119 de
1139 4056 1248 4119 viribus

201 4144 327 4219 herbae,
362 4160 451 4219 quam
467 4139 573 4203 eadem
593 4156 682 4217 opera
702 4136 913 4212 exquirendam
933 4137 1176 4197 commendamus
1193 4138 1246 4208 iis,

198 4228 255 4305 qui
277 4222 412 4301 lapidem
438 4216 678 4299 philosophorum
704 4212 802 4277 adhuc
830 4216 987 4294 maagant,
1014 4213 1249 4294 superstitiosa&

201 4326 281 4372 vana
294 4302 464 4375 adduntur,
487 4297 641 4365 habentur.
650 4297 739 4359 etiam
753 4295 832 4373 apud
842 4297 990 4373 Autorem.
1001 4297 1030 4362 K
1023 4296 1203 4376 prouiderat,
1215 4308 1250 4380 ut
1270 4349 1276 4356 ,

205 4387 360 4467 Gestrerus
377 4380 493 4459 pridem
509 4380 633 4441 monuit.
716 4376 786 4453 Cap.
799 4374 884 4446 Xlll.
915 4376 983 4451 Quo
1000 4377 1035 4437 ab
1050 4374 1134 4442 initio
1149 4372 1252 4453 legum.

198 4482 253 4533 tur
277 4462 385 4526 ordine
401 4459 490 4531 uerba
506 4474 621 4537 graeca,
638 4458 690 4521 vix
703 4452 965 4594 senluffhalliquam
982 4452 1115 4528 nahem,
1137 4456 1254 4528 euroin

734 4544 738 4550 .
901 4550 919 4595 2
1264 4560 1269 4569 ι
