3175 5434
291 535 389 617 jue
428 479 926 602 1²1scnriourrru.
960 539 1028 602 tv.
1106 507 1184 616 3o1

156 663 278 734 niciem
294 657 387 755 suam
406 658 599 756 praecipites
616 664 699 754 agis.
729 668 775 736 At
791 682 850 748 tu,
877 663 944 736 five
962 665 1106 739 deorum
1126 649 1187 740 air.

152 759 382 855 -tiquilsrmus‚
418 761 515 833 Chao
540 781 747 854 prognatus,
783 769 914 855 primus
942 767 1186 862 conjugiorum

156 861 294 954 junxisti
318 863 478 944 vincula,
514 862 750 954 connubiique
769 865 858 958 leges
883 863 1078 949 instituisti,
1114 864 1185 942 five

156 979 194 1034 tu
212 964 348 1033 Venere'
359 981 466 1033 matre
479 962 638 1054 genitus,
655 965 827 1054 propitius
845 961 1008 1048 mihist,
1031 963 1186 1061 lenisque
1231 979 1234 986 '
1265 1012 1268 1022 ι
1338 967 1343 988 ‘

160 1064 190 1133 aa
210 1062 359 1154 placidus
376 1057 494 1154 aspira.
537 1060 624 1132 Nec
644 1064 736 1132 enim
756 1059 934 1158 quisquam
954 1063 1019 1147 est,
1045 1071 1107 1160 qui
1123 1070 1189 1140 im.

157 1165 287 1252 perium
307 1180 407 1233 tuum
427 1155 557 1254 legesve
577 1177 652 1230 tuas
670 1160 855 1251 detrectet,
882 1161 939 1235 sed
953 1187 1073 1244 omnes
1098 1183 1131 1238 te
1153 1171 1186 1240 dc

160 1259 343 1333 desiderant
355 1258 454 1332 fimul
472 1262 505 1330 dc
519 1257 774 1333 exhorrescunt.
802 1263 924 1334 Beatus
939 1261 1017 1350 illc,
1042 1267 1103 1356 qui
1116 1269 1187 1356 pla.

160 1360 270 1434 cidum
291 1365 323 1432 &
343 1363 463 1431 mitem
479 1362 596 1430 animo
613 1360 697 1432 colit
717 1366 886 1434 amoreml
914 1365 1013 1452 Quin
1023 1364 1089 1434 tibi
1111 1387 1186 1437 non

156 1458 231 1533 satis
252 1461 324 1553 est,
356 1457 499 1531 deorum
526 1457 781 1554 hominumque
805 1486 914 1556 genus
935 1459 1183 1552 perdomuisse,

155 1557 264 1633 sedne
281 1557 431 1631 serarum
446 1557 586 1652 quidem
601 1553 805 1631 silvestrium
818 1564 1055 1654 aeriarumque
1067 1567 1188 1639 avium

156 1665 337 1754 imperium
353 1659 574 1752 dedignatus,
601 1655 690 1750 ipsos
705 1660 790 1730 adeo
803 1663 905 1733 maris
922 1657 1066 1734 recessus
1082 1684 1186 1753 pene

156 1763 265 1850 tralli,
281 1778 322 1832 ut
335 1763 438 1831 etiam
449 1781 559 1852 genus
573 1760 722 1850 aquatile
738 1763 889 1834 telorum
904 1775 1047 1834 tuorum
1062 1763 1186 1845 vulne-
1236 1827 1238 1838 ,

156 1864 249 1937 ribus
266 1857 418 1932 saucium
436 1861 510 1930 vim
529 1855 757 1952 persentiscat.
1173 1887 1177 1894 ·
1216 1877 1219 1880 ’

92 2075 102 2098 ’
169 2075 174 2084 ’
201 2093 262 2165 40.
293 2070 386 2143 Scari
405 2068 568 2161 quidem,
595 2071 723 2164 (varii,
741 2071 904 2163 aculeati)
922 2076 1037 2146 mutui
1054 2077 1187 2148 amorio
1286 2092 1288 2098 ’

154 2171 297 2256 vinculo
316 2170 444 2262 juncti,
483 2168 545 2242 fibi
562 2173 712 2244 invicem
730 2179 768 2242 in
786 2173 939 2264 periculo
955 2169 1182 2258 succurrunt,
1220 2231 1222 2235 -
1281 2251 1286 2278 p

155 2296 217 2342 nec
232 2293 392 2364 unquam
406 2265 438 2339 se
455 2268 654 2343 destituunt.
695 2273 817 2344 Scarus
834 2275 927 2344 enim
945 2272 1007 2344 ubi
1023 2274 1186 2369 deglutiit

154 2371 318 2452 hamum,
345 2369 456 2441 statim
476 2371 564 2442 alius
580 2372 690 2443 veluti
704 2369 941 2465 propugnatur
954 2395 1188 2468 approperans

153 2473 279 2544 lineam
297 2469 450 2554 abrodit,
474 2468 674 2563 sociumque
694 2494 767 2543 non
789 2468 863 2542 fine·
873 2468 1048 2563 piscatoris
1063 2475 1184 2548 dolore

152 2568 274 2645 servat.
312 2567 411 2644 Nassa
430 2593 516 2642 vero
537 2568 705 2651 inclusuS,
728 2573 860 2642 exitum
878 2569 1079 2657 meditatur,
1108 2598 1184 2648 non

128 2719 135 2733 .
155 2674 296 2765 quidem
313 2695 381 2764 qua
396 2673 559 2753 intravit,
575 2667 699 2742 infesto
715 2673 888 2742 liminum
904 2669 997 2740 vallo
1013 2671 1186 2748 deterren-

153 2790 203 2855 te,
233 2775 266 2843 dc
296 2772 416 2842 oculos
443 2771 517 2863 ejus
538 2770 766 2842 vulnerante:
804 2767 861 2840 sed
886 2771 996 2861 capite
1022 2771 1185 2849 deorsum

153 2869 271 2953 verso,
296 2868 482 2944 retrorsum
501 2888 617 2941 naute
635 2867 787 2943 &cauda
804 2870 915 2944 laxare
931 2871 1065 2942 vimina
1081 2873 1185 2944 moli.

141 2988 220 3048 tur.
260 2970 395 3043 Vident
409 2969 477 3042 hoc
494 2972 551 3041 alii
565 2966 650 3043 soris
669 2967 773 3052 sceti,
802 2973 834 3042 ἃ
857 2987 897 3043 ut
919 2967 1091 3044 laboranti
1109 2970 1184 3046 suo-

154 3089 313 3151 currant,
339 3095 458 3143 eorum
475 3073 608 3164 aliquis·
619 3071 676 3141 vel
689 3068 784 3141 suam
801 3069 942 3142 caudam
960 3067 1059 3142 nalsae
1075 3069 1185 3144 inscr-

152 3190 221 3245 tam
249 3188 350 3262 capto
376 3170 600 3242 mordendam
620 3173 788 3264 porrigit,
828 3171 884 3240 vel
913 3174 1002 3261 capti
1030 3193 1184 3246 exertam

152 3273 331 3344 mordicus
356 3268 728 3363 apprehendensflipse,
761 3267 931 3341 trahendo
960 3269 1086 3348 educit.
1117 3268 1183 3347 ¹Ita
1220 3335 1222 3342 ,

151 3369 220 3444 sere
244 3394 328 3443 cum
350 3375 419 3442 viri
445 3367 598 3462 asperum
624 3393 684 3461 per
712 3366 864 3442 obscurae
888 3373 999 3442 nostis
1024 3371 1184 3447 tenebras

153 3472 277 3544 collem
298 3467 525 3543 conscendere
543 3473 730 3558 nituntur,
756 3472 884 3568 juntlis
900 3467 1052 3543 invicem
1073 3477 1187 3545 mani.
1221 3538 1225 3545 .

151 3570 217 3644 bus
233 3571 379 3643 trahunt
395 3569 663 3662 trahunturque,
675 3589 717 3642 ut
731 3589 855 3642 mutuo
869 3569 985 3641 labore
1001 3568 1034 3640 se
1053 3572 1183 3656 levent,

152 3672 254 3746 Scaro
271 3696 356 3765 vero
370 3669 439 3764 ipse
457 3670 515 3743 hic
530 3692 645 3750 amor,
680 3675 714 3740 ἃ
731 3672 833 3741 amici
850 3669 1034 3758 adjuvandi
1056 3667 1186 3747 defidess

150 3775 244 3843 rium
259 3774 297 3842 in
308 3773 494 3862 perniciem
506 3769 659 3860 conjicit.
686 3773 847 3860 Quatuor
866 3766 1047 3860 piscatores
1066 3773 1105 3844 in
1116 3799 1187 3850 una

149 3876 234 3943 navi
252 3868 344 3948 sunt.
373 3869 501 3944 horum
519 3870 589 3941 duo
602 3872 781 3962 remigant.
810 3873 934 3942 tertius
949 3868 1189 3946 scarumfem'i.

95 4030 102 4040 .
148 3995 232 4044 nam
246 3969 382 4044 summo
399 3971 495 4043 labro
505 3972 675 4062 alligatam
690 3964 848 4041 funiculo
860 3971 952 4041 lineo
966 3969 1083 4042 trahit.
1111 3972 1188 4046 ea‘m

93 4149 95 4156 ,
122 4078 124 4081 ’
149 4076 273 4145 vivam
288 4069 350 4144 else
364 4073 523 4164 praestat:
553 4069 602 4141 fin
618 4071 977 4160 minursplumbum,
1002 4071 1102 4161 quod
1113 4073 1187 4143 del.
1216 4150 1220 4167 .

117 4169 120 4175 ’
147 4170 300 4266 phitium
312 4176 505 4250 nominant,
518 4167 867 4241 inserendumestori.
888 4166 1188 4246 llb‘infimaetiam

120 4264 129 4358 ‘A
151 4291 309 4344 extrema
321 4291 416 4363 parte
433 4269 581 4343 funiculi
602 4273 715 4363 gravis
734 4295 753 4339 e
772 4271 914 4361 plumbo
929 4267 1101 4340 rotundus
1113 4257 1201 4360 glo]

150 4370 217 4444 bus
232 4376 441 4443 annectitur.
469 4373 566 4442 Dum
581 4374 628 4440 ita
644 4367 794 4440 trahitur
807 4367 904 4458 piscis
922 4365 1069 4446 femina,
1086 4394 1188 4462 quar.

148 4486 211 4550 tur
230 4474 387 4551 interim.
401 4468 528 4575 nussum
552 4472 713 4570 proxime
738 4483 859 4646 ceptro
882 4464 992 4562 ipsum
1011 4465 1130 4550 dolum
1146 4472 1194 4550 ita

820 4589 841 4663 t>
868 4587 892 4662 Ξ
