3175 5434
782 540 949 636 438
1560 516 2084 638 Qoss

788 697 847 758 p.
871 691 1004 749 280.
1049 677 1286 739 laudare
1335 672 1694 817 ΒίοηςΐΙῖιιηι
1742 677 2155 739 Characenum
2212 675 2484 757 Oppiani
2515 678 2853 758 paraphra-

778 759 952 836 stem
1007 758 1142 832 sed,
1188 756 1474 834 cumipse
1543 775 1719 819 ocum
1757 756 1834 820 de
1877 759 2190 818 catarracte
2238 776 2272 817 a
2318 756 2508 833 Voffi'o
2545 756 2855 819 desumtum

785 838 1077 919 posuerit,
1109 851 1211 900 aut
1241 836 1426 899 oculis
1456 837 1607 899 maie
1643 836 1808 911 usu8‚
1841 850 1942 899 aut
1971 837 2251 899 memoria
2275 836 2561 915 deceptus
2591 836 2691 912 fit,
2714 856 2858 915 opor-

795 932 897 983 tet.
973 919 1263 999 Gesnerus
1286 918 1525 997 quidem
1557 938 1693 979 cum
1731 920 1791 979 in
1825 916 2190 979 Bibliotheca
2216 915 2317 979 sua
2353 920 2417 979 in
2453 938 2604 979 voce
2654 920 2860 999 Oppia-

791 1021 906 1063 nus
925 1045 945 1076 ‚
986 1013 1116 1062 tum
1152 1001 1212 1061 in
1234 998 1437 1061 Indice
1466 1013 1738 1061 autorum
1768 997 2025 1061 Historia:
2054 999 2264 1060 Avium
2289 998 2608 1077 praemisse,
2648 998 2859 1061 testetur

796 1080 854 1144 se
885 1083 945 1142 in
982 1081 1205 1143 Codice
1231 1079 1463 1142 Veneto
1490 1124 1509 1154 ,
1553 1079 1717 1141 unde
1753 1077 2093 1158 exemplum
2123 1078 2287 1142 suum
2316 1078 2723 1157 descripserat,
2754 1078 2865 1140 nul-

793 1160 918 1224 lum
949 1179 1171 1224 nomen
1213 1158 1574 1238 adscriptum
1602 1159 1904 1238 reperisse,
1969 1179 2106 1221 cum
2144 1160 2206 1220 in
2237 1158 2437 1222 fronte
2471 1160 2862 1238 paraphraseos

790 1241 1077 1304 librorum
1113 1242 1189 1304 de
1217 1241 1546 1305 Venatione
1575 1243 1632 1303 &
1661 1241 1981 1303 Piscatione
2004 1285 2022 1314 ,
2070 1260 2196 1317 quae
2218 1240 2280 1301 in
2309 1240 2517 1303 eadem
2546 1240 2861 1302 membrana

795 1321 1052 1385 exstabat
1072 1367 1091 1397 ‚
1136 1322 1446 1400 utrobique
1474 1324 1754 1384 Eutecnii
1786 1339 2007 1383 nomen
2037 1320 2305 1382 additum
2338 1319 2669 1399 legeretur<3
2703 1322 2861 1400 quare

795 1403 976 1465 etiam
1008 1402 1409 1466 lxeuticorum
1440 1401 1807 1481 paraphrafin
1843 1402 1915 1464 ab
1943 1401 2156 1465 eodem
2192 1415 2397 1463 autore
2434 1402 2754 1480 profectam
2790 1401 2862 1463 su-

794 1482 1139 1561 spicabatur.
1185 1484 1343 1546 Tum
1374 1485 1550 1545 etiam
1580 1485 1680 1556 Jo.
1714 1489 1852 1545 Ger.
1880 1482 2136 1558 Voffi'zm
2184 1484 2350 1559 cujus
2379 1482 2556 1543 verba
2586 1482 2748 1561 supra
2773 1502 2863 1559 po-

794 1563 918 1638 sui,
985 1583 1108 1626 non
1142 1566 1343 1642 utique
1379 1565 1454 1626 de
1485 1578 1690 1626 autore
1726 1564 2062 1635 dubitasset,
2106 1560 2145 1622 fi
2185 1581 2405 1624 nomen
2439 1562 2787 1641 adscriptum
2811 1564 2860 1623 in

797 1646 1008 1708 codice
1042 1644 1350 1723 reperiffet.
1396 1645 1486 1708 De
1533 1646 1889 1720 Windinge'o
1928 1643 2073 1703 mihi
2108 1641 2398 1721 liquidum
2439 1663 2563 1704 non
2596 1644 2706 1718 est,
2743 1644 2861 1721 quid

797 1726 862 1787 in
891 1724 1114 1788 Codice
1150 1740 1397 1803 utroque
1426 1773 1435 1785 ,
1479 1727 1643 1787 unde
1670 1725 2009 1802 exemplum
2055 1725 2181 1798 ejus
2213 1722 2471 1785 sumtum
2512 1723 2621 1798 est,
2659 1744 2863 1801 repere-

793 1808 909 1881 rit3
962 1806 1064 1869 sed
1106 1819 1423 1885 utrumque
1451 1807 1619 1868 initio
1656 1804 1929 1867 mutilum
1970 1802 2137 1865 fuifl'e
2169 1801 2488 1866 clarissimis
2516 1804 2708 1866 verbis
2742 1805 2861 1865 affir-

800 1900 956 1961 mat,
999 1888 1161 1949 unde
1199 1906 1322 1948 non
1355 1886 1499 1949 levis
1535 1887 1615 1950 est
1648 1886 1897 1964 suspicio
1927 1886 2209 1946 Eutecnii
2239 1904 2462 1946 nomen
2497 1906 2531 1946 e
2555 1888 2861 1962 conjectura
2943 1945 2948 1950 ,

800 1966 874 2028 ab
909 1967 1031 2046 ipso
1052 1967 1217 2030 fuiffe
1246 1968 1550 2042 additum,
1593 1965 2100 2045 quemadmodum
2130 1966 2340 2039 etiam,
2376 1964 2551 2048 stulto
2584 1967 2716 2027 sane
2750 1986 2864 2026 con-

800 2045 956 2121 filio,
1003 2047 1406 2125 praefationem
1430 2051 1712 2109 Eutecnii
1733 2048 1809 2108 ad
1873 2065 1973 2107 ara
2016 2044 2206 2108 hrasm
2223 2045 2714 2124 Cynegeticorum
2734 2049 2862 2119 (non

799 2125 1229 2189 Theriacorum
1259 2128 1575 2194 Nicandri,
1629 2128 1789 2205 quod
1810 2066 1910 2190 ifle
2060 2128 2210 2198 mat)
2244 2146 2279 2187 a
2310 2128 2667 2202 Lambeci0‚
2711 2132 2862 2189 &nu-

801 2224 909 2285 per
938 2209 1115 2269 etiam
1138 2227 1172 2268 a
1206 2210 1486 2269 Bandino
1525 2207 1803 2285 pofimm,
1852 2219 2079 2268 mutato
2108 2219 2308 2269 tamen
2345 2211 2679 2275 κυνηγετικῶν
2708 2208 2862 2270 verbo
2947 2234 2951 2237 ·

799 2289 866 2349 in
920 2289 1206 2357 ἷξευτικῶυ,
1271 2289 1347 2349 ad
1403 2290 1635 2350 initium
1680 2286 1812 2349 libri
1864 2288 1939 2349 de
1982 2288 2248 2367 Aucupio
2288 2286 2576 2350 transtulit
2610 2335 2627 2362 ,
2710 2308 2859 2367 quam

805 2386 916 2429 nos
945 2371 1274 2445 rejecimus,
1322 2368 1565 2432 Interim
1597 2368 1740 2429 dum
1776 2365 2014 2430 aliunde
2034 2367 2174 2430 'satis
2210 2368 2556 2446 exquisitum
2592 2370 2764 2431 fuerit
2801 2370 2864 2431 de

803 2462 1010 2511 autore
1052 2450 1226 2526 hujus
1273 2449 1407 2515 libri
1438 2496 1458 2525 ‚
1512 2450 1840 2527 prudenter
1884 2468 1982 2509 me
2034 2448 2328 2511 facturum
2376 2450 2793 2525 existimabam,
2829 2449 2865 2511 fi

802 2540 1120 2609 utrumque
1169 2550 1392 2593 nomen
1435 2533 1709 2612 Oppiani
1748 2527 2029 2591 videlicet
2068 2530 2125 2591 &
2171 2528 2453 2610 Dionffi
2491 2531 2556 2591 in
2598 2530 2763 2609 elogii
2795 2530 2867 2592 so-

809 2610 1087 2673 cietatem
1119 2610 1512 2688 admitterem,
1558 2613 1639 2672 ita
1666 2621 1900 2685 tamen,
1945 2622 2013 2671 ut
2037 2607 2076 2670 fi
2162 2608 2452 2685 ificarem‚
2503 2614 2683 2690 magis
2706 2632 2793 2675 me
2818 2613 2869 2672 in

812 2708 1020 2753 eorum
1048 2689 1394 2756 sententiam
1438 2690 1817 2771 propendere
1836 2734 1857 2766 ,
1931 2691 2032 2769 qui
2067 2628 2394 2755 {cundum
2439 2690 2775 2775 Dionyfium
2804 2694 2866 2756 de

811 2769 1156 2852 polsefflone
1176 2774 1432 2837 nominis
1449 2773 1813 2852 judicarunt.

968 4079 1318 4149 Excudebat
1345 4083 1383 4161 J
1389 4097 1504 4147 011.
1536 4081 1756 4148 HENR.
1800 4082 2067 4162 ΗΕῙΤΖ,
2110 4084 2447 4155 Academiae
2477 4075 2727 4168 Typogr.

1637 4412 1792 4590 ᾖ]
