3175 5434
383 517 477 589 aaa
620 468 623 482 ¹
728 479 1078 594 o‘retnur
1499 489 1504 555 l

1223 605 1226 609 .
1502 572 1503 605 l

389 640 522 738 semper
539 637 707 718 salicibus
729 642 925 738 gallinaceis
950 605 1226 734 pugnatoribus,
1250 633 1428 713 omnibus

391 771 462 839 que
481 741 612 814 floridis
629 745 826 844 pennigeris
844 740 997 816 alitibus,
1023 740 1206 812 Occulunt
1218 739 1429 808 autemlum-

390 841 704 935 bissubipsointus
719 833 1429 934 ventregeminostelliculos,quosfiquis
1502 890 1503 929 3

391 938 991 1025 exsecuerieferro,ilicofoeminam
1009 936 1216 1012 reddiderit:
1243 952 1358 1011 totum
1374 963 1431 1010 au·
1502 946 1503 977 ¹

392 1061 465 1124 tem
486 1043 670 1120 defluxerit
696 1040 909 1134 e-capitibus
932 1057 1074 1112 acutum
1098 1062 1273 1111 cornuum
1294 1044 1431 1111 starium

391 1145 530 1238 elegans
545 1143 681 1218 ramale.
711 1143 837 1236 Neque
848 1164 934 1228 vero
951 1140 1159 1211 concubitus
1176 1139 1246 1210 illis
1261 1142 1339 1226 lex,
1349 1163 1432 1232 qua.
1502 1143 1503 1225 l

392 1243 438 1318 lis
456 1241 545 1316 seris
563 1245 658 1324 aliis,
682 1238 740 1314 sed
758 1238 920 1314 inusitata
936 1238 1047 1312 libido
1066 1239 1135 1310 illis
1154 1262 1245 1312 curae
1263 1239 1323 1318 est.
1361 1240 1432 1312 Ne.
1502 1260 1503 1325 l

392 1369 463 1436 que
482 1346 575 1414 enim
598 1341 723 1414 stantes
739 1345 779 1414 in
793 1338 936 1413 saltibus
954 1338 1165 1434 agrestibus,
1192 1363 1306 1432 neque
1320 1338 1433 1430 jacen.
1501 1338 1503 1423 l

394 1459 447 1535 tes
465 1441 658 1515 humilibus
669 1445 707 1514 in
724 1440 869 1514 floribus
885 1441 1071 1534 graminis,
1094 1463 1177 1512 cum
1190 1437 1346 1511 foeminis
1364 1465 1433 1512 cer·

350 1597 357 1614 ,
393 1547 451 1632 vis
469 1567 540 1615 una
564 1542 826 1624 concumbuntr
857 1537 916 1612 sed
935 1537 1080 1631 pedibus
1101 1539 1272 1612 celeribus
1288 1564 1432 1612 currens
1502 1560 1503 1655 q

396 1641 584 1735 assequitur
601 1661 829 1732 currentem,
864 1638 1124 1734 fugientemque
1155 1638 1372 1731 prehendit,
1402 1645 1433 1712 tc
1502 1694 1503 1697 ,

394 1747 615 1838 ampletlitur
633 1743 829 1836 conjugem.
850 1742 985 1812 Verum
1000 1762 1065 1828 nec
1081 1736 1128 1811 fic
1139 1739 1284 1832 quidem
1297 1737 1433 1832 persua.
1502 1806 1503 1825 2

395 1843 467 1930 det.
499 1843 631 1936 gestans
651 1846 746 1914 enim
763 1843 929 1914 maritum
945 1859 1043 1932 tergo
1064 1837 1173 1933 usque
1187 1837 1298 1932 fugit,
1315 1843 1434 1912 inexo-
1496 1834 1503 1915 l

395 1943 542 2039 rabilem
557 1946 711 2016 animum
731 1941 876 2014 hahens.
915 1941 1090 2012 Caeterum
1109 1939 1168 2013 ille
1181 1937 1330 2033 sequens
1351 1942 1434 2015 duo·
1501 1930 1503 2001 l

395 2043 465 2114 hus
484 2040 651 2116 velociter
670 2041 834 2134 pedibus,
868 2065 943 2112 aron
964 2041 1114 2113 remittit
1137 2038 1362 2122 libidinem,
1380 2037 1434 2112 sed

395 2141 588 2234 nuptialem
613 2143 744 2234 peragit
769 2164 916 2215 morem.
959 2140 1093 2211 Verum
1122 2165 1202 2212 cum
1222 2141 1338 2234 postea
1358 2143 1435 2212 vol.
1502 2176 1503 2247 l

367 2277 370 2281 ·
398 2242 565 2324 ventibus
587 2238 759 2313 mensibus
779 2239 922 2314 foemina
936 2241 1056 2332 parit,
1080 2237 1233 2334 semitam
1251 2239 1435 2314 hominbm
1502 2264 1503 2327 ς

398 2345 516 2524 egeat,
561 2357 745 2438 propterea
774 2343 871 2436 quod
902 2345 969 2416 viae
1006 2337 1192 2413 hominurn
1227 2338 1312 2413 feris
1350 2339 1436 2414 infe·

436 2462 551 2516 antur.
636 2499 638 2503 .
704 2471 708 2480 ·
1502 2476 1503 2497 ι

408 2717 413 2724 .
451 2672 535 2742 209·
554 2651 700 2744 Egregie
718 2667 835 2724 autem
853 2655 947 2726 inter
963 2647 1053 2724 setas
1078 2647 1342 2743 pulchritudine
1358 2647 1438 2743 effe·
1502 2662 1503 2677 ¹

397 2773 526 2830 cuntur
549 2747 693 2826 masculi
718 2754 918 2844 cornigeri,
955 2753 1092 2845 elegans
1117 2755 1244 2831 ramale
1267 2772 1436 2846 gerentes.
1502 2754 1503 2757 ’

397 2855 473 2930 Ubi
487 2857 583 2926 enim
597 2847 806 2942 pulchrilida
822 2876 954 2926 cornua
968 2851 1053 2924 stato
1065 2866 1221 2944 tempore
1236 2853 1435 2938 ceciderint,
1502 2884 1503 2941 l

397 2951 519 3026 fossam
534 2949 676 3044 quidem
696 2949 797 3022 humi
812 2969 1015 3026 excavantes
1029 2949 1233 3036 defodiunt,
1252 2972 1293 3026 ut
1307 2958 1437 3048 nequis
1502 2948 1503 2967 ¹

282 3070 285 3090 ¹
399 3057 513 3145 capiat
525 3055 563 3122 in
578 3048 671 3122 sulco
691 3066 838 3142 reperta.
874 3055 1110 3126 Occultantur
1123 3056 1238 3124 autem
1252 3051 1314 3146 ipfi
1329 3078 1438 3126 remo·

400 3151 540 3242 siffirnis
564 3145 742 3242 densrsque
769 3148 911 3235 dumis,
956 3149 1193 3226 erubescentes
1220 3153 1303 3225 feris
1331 3159 1438 3249 capita

401 3250 573 3346 ejusmodi
594 3249 772 3324 ostendere
789 3251 905 3336 nuda,
929 3277 1008 3346 quae
1025 3270 1125 3326 antea
1140 3256 1209 3327 alte
1223 3254 1405 3330 tollebant

412 3499 419 3538 :
452 3468 538 3544 217.
556 3449 708 3522 Duobus
719 3463 836 3521 autem
851 3448 1029 3522 elementis
1044 3453 1173 3536 vivunt
1185 3457 1291 3525 cervi.
1313 3457 1439 3528 etenira
1502 3444 1503 3491 3

398 3565 529 3622 tetram
552 3566 760 3644 peragrant,
796 3551 830 3621 a
850 3573 943 3621 mare
969 3568 1130 3640 tranant,
1159 3555 1334 3647 gregalem
1352 3558 1439 3628 inter
1502 3578 1503 3651 l

317 3715 319 3727 ,
400 3645 435 3738 se
461 3652 724 3742 navigationem
751 3653 977 3748 navigantes,
1014 3676 1095 3723 cum
1125 3653 1306 3746 trajiciunt
1335 3680 1438 3733 mare.

400 3765 481 3836 ante
500 3751 642 3841 quidem
660 3775 753 3823 unus
771 3774 956 3823 cervorum
974 3754 1121 3826 cateruis
1144 3752 1217 3824 dux
1236 3755 1303 3838 est,
1333 3757 1441 3830 veluti
1502 3788 1503 3795 ¹

399 3848 617 3941 gubernator
635 3869 757 3922 tenens
774 3851 911 3922 clavum
927 3853 1045 3922 navis:
1073 3854 1106 3923 ei
1120 3857 1236 3924 autem
1247 3857 1336 3928 alius
1348 3882 1368 3927 a
1381 3876 1441 3928 ter·

401 3974 447 4043 go
474 3952 618 4024 innixus
643 3977 734 4043 pone
755 3955 889 4023 cervice
911 3954 944 4022 ta
966 3954 1105 4044 capite,
1137 3949 1241 4024 simul
1262 3979 1325 4047 per
1350 3979 1441 4028 mare
1502 3974 1503 4027 Q

401 4049 583 4144 gradiens,
624 4051 712 4124 alius
736 4069 853 4122 autern
869 4051 978 4124 aliurn
1005 4050 1130 4124 deinde
1151 4050 1295 4142 ferens,
1332 4051 1443 4128 secam

400 4174 506 4224 mare.
534 4151 671 4225 Verum
691 4151 754 4222 ubi
770 4167 947 4224 natantem
963 4147 1061 4224 labor
1081 4156 1235 4245 primum
1252 4158 1441 4247 occuparit,

400 4252 526 4323 ordine
546 4254 576 4323 is
594 4251 716 4323 relicto
735 4249 1008 4346 abitintergum
1020 4255 1187 4346 agminis,
1212 4254 1444 4349 &requiescit
1502 4266 1503 4305 ff

401 4351 593 4436 reclinatus
620 4352 658 4421 in
678 4350 826 4424 alterum
844 4355 986 4443 paulum
1003 4377 1023 4424 a
1042 4352 1182 4436 labore,
1217 4355 1306 4427 alius
1326 4375 1443 4430 autem
1502 4352 1503 4441 ζ

403 4446 544 4546 rurffim
572 4450 808 4546 gubernacula
838 4449 971 4531 babens
1005 4455 1046 4530 in
1071 4462 1180 4541 ¹marc
1206 4455 1439 4555 progreditur.
1501 4526 1503 4566 Α
