<?xml version="1.0" encoding="UTF-8"?>
<!DOCTYPE html PUBLIC "-//W3C//DTD XHTML 1.0 Transitional//EN"
    "http://www.w3.org/TR/xhtml1/DTD/xhtml1-transitional.dtd">
<html xmlns="http://www.w3.org/1999/xhtml" xml:lang="en" lang="en">
 <head>
  <title>
</title>
<meta http-equiv="Content-Type" content="text/html;charset=utf-8" />
  <meta name='ocr-system' content='tesseract 3.04.00' />
  <meta name='ocr-capabilities' content='ocr_page ocr_carea ocr_par ocr_line ocrx_word'/>
</head>
<body>
  <div class='ocr_page' id='page_1' title='image "./oppianipoetaeci00oppigoog_0257.png"; bbox 0 0 3175 5434; ppageno 0'>
   <div class='ocr_carea' id='block_1_1' title="bbox 418 421 1115 580">
    <p class='ocr_par' dir='ltr' id='par_1_1' title="bbox 418 421 1115 580">
     <span class='ocr_line' id='line_1_1' title="bbox 418 421 1115 580; baseline -0.007 0"><span class='ocrx_word' id='word_1_1' title='bbox 418 421 536 580; x_wconf 57' lang='grc' dir='ltr'><strong>ιιιὶ</strong></span> <span class='ocrx_word' id='word_1_2' title='bbox 761 466 1115 580; x_wconf 70' lang='lat' dir='ltr'><strong>occatur</strong></span> 
     </span>
    </p>
   </div>
   <div class='ocr_carea' id='block_1_2' title="bbox 300 633 1487 3852">
    <p class='ocr_par' dir='ltr' id='par_1_2' title="bbox 300 633 1487 3829">
     <span class='ocr_line' id='line_1_2' title="bbox 415 633 1487 734; baseline -0.002 -21.989"><span class='ocrx_word' id='word_1_3' title='bbox 415 639 546 712; x_wconf 86' lang='lat' dir='ltr'><strong>ordine</strong></span> <span class='ocrx_word' id='word_1_4' title='bbox 560 633 936 714; x_wconf 79' lang='lat' dir='ltr'><strong>scruteturomnemla</strong></span> <span class='ocrx_word' id='word_1_5' title='bbox 936 637 1072 734; x_wconf 80' lang='lat' dir='ltr'><strong>pidem,</strong></span> <span class='ocrx_word' id='word_1_6' title='bbox 1106 643 1296 712; x_wconf 83' lang='lat' dir='ltr'><strong>&amp;omnem</strong></span> <span class='ocrx_word' id='word_1_7' title='bbox 1317 637 1446 711; x_wconf 78' lang='lat' dir='ltr'><strong>clivum</strong></span> <span class='ocrx_word' id='word_1_8' title='bbox 1483 654 1487 699; x_wconf 78' lang='grc' dir='ltr'>ῑ</span> 
     </span>
     <span class='ocr_line' id='line_1_3' title="bbox 424 665 1446 833; baseline -0.008 -19"><span class='ocrx_word' id='word_1_9' title='bbox 424 743 457 814; x_wconf 88' lang='lat'>&amp;</span> <span class='ocrx_word' id='word_1_10' title='bbox 478 763 618 812; x_wconf 89' lang='lat' dir='ltr'><strong>omnem</strong></span> <span class='ocrx_word' id='word_1_11' title='bbox 627 741 826 821; x_wconf 80' lang='lat' dir='ltr'><strong>tramitem</strong></span> <span class='ocrx_word' id='word_1_12' title='bbox 848 665 1079 833; x_wconf 82' lang='lat' dir='ltr'><strong>arbodesque,</strong></span> <span class='ocrx_word' id='word_1_13' title='bbox 1103 737 1277 831; x_wconf 82' lang='lat' dir='ltr'><strong>vitesque,</strong></span> <span class='ocrx_word' id='word_1_14' title='bbox 1298 741 1335 810; x_wconf 68' lang='grc' dir='ltr'><strong>ἃ</strong></span> <span class='ocrx_word' id='word_1_15' title='bbox 1348 736 1446 830; x_wconf 73' lang='lat' dir='ltr'><strong>sepes,</strong></span> 
     </span>
     <span class='ocr_line' id='line_1_4' title="bbox 300 838 1448 934; baseline -0.004 -18"><span class='ocrx_word' id='word_1_16' title='bbox 300 925 302 930; x_wconf 22' lang='lat'><strong>¹</strong></span> <span class='ocrx_word' id='word_1_17' title='bbox 425 838 611 916; x_wconf 69' lang='lat' dir='ltr'><strong>&amp;lundon</strong></span> <span class='ocrx_word' id='word_1_18' title='bbox 650 839 783 910; x_wconf 84' lang='lat' dir='ltr'><strong>Verum</strong></span> <span class='ocrx_word' id='word_1_19' title='bbox 802 841 865 910; x_wconf 91' lang='lat' dir='ltr'><strong>ubi</strong></span> <span class='ocrx_word' id='word_1_20' title='bbox 882 839 1065 934; x_wconf 82' lang='lat' dir='ltr'><strong>vestigium</strong></span> <span class='ocrx_word' id='word_1_21' title='bbox 1088 840 1228 911; x_wconf 85' lang='lat' dir='ltr'><strong>tradem</strong></span> <span class='ocrx_word' id='word_1_22' title='bbox 1247 841 1381 911; x_wconf 79' lang='lat' dir='ltr'><strong>aerium</strong></span> <span class='ocrx_word' id='word_1_23' title='bbox 1401 861 1448 911; x_wconf 75' lang='lat' dir='ltr'><strong>na</strong></span> 
     </span>
     <span class='ocr_line' id='line_1_5' title="bbox 417 935 1448 1032; baseline -0.001 -20"><span class='ocrx_word' id='word_1_24' title='bbox 417 944 498 1012; x_wconf 70' lang='lat' dir='ltr'><strong>¹dius</strong></span> <span class='ocrx_word' id='word_1_25' title='bbox 515 935 639 1018; x_wconf 83' lang='lat' dir='ltr'><strong>fuerit,</strong></span> <span class='ocrx_word' id='word_1_26' title='bbox 664 937 782 1030; x_wconf 82' lang='lat' dir='ltr'><strong>gestit,</strong></span> <span class='ocrx_word' id='word_1_27' title='bbox 810 945 1002 1032; x_wconf 87' lang='lat' dir='ltr'><strong>gannitque</strong></span> <span class='ocrx_word' id='word_1_28' title='bbox 1022 941 1140 1020; x_wconf 72' lang='lat' dir='ltr'><strong>latua,</strong></span> <span class='ocrx_word' id='word_1_29' title='bbox 1168 937 1448 1031; x_wconf 77' lang='lat' dir='ltr'><strong>quemadmodum</strong></span> 
     </span>
     <span class='ocr_line' id='line_1_6' title="bbox 418 1033 1449 1133; baseline -0.007 -20"><span class='ocrx_word' id='word_1_30' title='bbox 418 1051 538 1133; x_wconf 82' lang='lat' dir='ltr'><strong>:parv&#39;ae</strong></span> <span class='ocrx_word' id='word_1_31' title='bbox 556 1033 738 1110; x_wconf 85' lang='lat' dir='ltr'><strong>lasciviunt</strong></span> <span class='ocrx_word' id='word_1_32' title='bbox 753 1039 888 1129; x_wconf 84' lang='lat' dir='ltr'><strong>junices</strong></span> <span class='ocrx_word' id='word_1_33' title='bbox 909 1042 1040 1112; x_wconf 90' lang='lat' dir='ltr'><strong>circum</strong></span> <span class='ocrx_word' id='word_1_34' title='bbox 1058 1039 1223 1130; x_wconf 85' lang='lat' dir='ltr'><strong>juvencas</strong></span> <span class='ocrx_word' id='word_1_35' title='bbox 1242 1037 1351 1108; x_wconf 87' lang='lat' dir='ltr'><strong>ubere</strong></span> <span class='ocrx_word' id='word_1_36' title='bbox 1364 1060 1449 1129; x_wconf 88' lang='lat' dir='ltr'><strong>gran-</strong></span> 
     </span>
     <span class='ocr_line' id='line_1_7' title="bbox 426 1134 1448 1231; baseline -0.004 -19"><span class='ocrx_word' id='word_1_37' title='bbox 426 1138 508 1212; x_wconf 86' lang='lat' dir='ltr'><strong>des:</strong></span> <span class='ocrx_word' id='word_1_38' title='bbox 535 1134 582 1210; x_wconf 85' lang='lat' dir='ltr'><strong>fic</strong></span> <span class='ocrx_word' id='word_1_39' title='bbox 599 1137 699 1208; x_wconf 88' lang='lat' dir='ltr'><strong>etiam</strong></span> <span class='ocrx_word' id='word_1_40' title='bbox 719 1137 772 1208; x_wconf 90' lang='lat' dir='ltr'><strong>illi</strong></span> <span class='ocrx_word' id='word_1_41' title='bbox 785 1137 884 1210; x_wconf 86' lang='lat' dir='ltr'><strong>valde</strong></span> <span class='ocrx_word' id='word_1_42' title='bbox 900 1140 1037 1211; x_wconf 86' lang='lat' dir='ltr'><strong>animus</strong></span> <span class='ocrx_word' id='word_1_43' title='bbox 1052 1137 1202 1231; x_wconf 73' lang='lat' dir='ltr'><strong>gaudet:</strong></span> <span class='ocrx_word' id='word_1_44' title='bbox 1227 1159 1334 1210; x_wconf 87' lang='lat' dir='ltr'><strong>ruens</strong></span> <span class='ocrx_word' id='word_1_45' title='bbox 1349 1155 1448 1208; x_wconf 83' lang='lat' dir='ltr'><strong>auten</strong></span> 
     </span>
     <span class='ocr_line' id='line_1_8' title="bbox 420 1235 1447 1330; baseline -0.005 -20"><span class='ocrx_word' id='word_1_46' title='bbox 420 1241 575 1310; x_wconf 73' lang='lat' dir='ltr'><strong>vertitur</strong></span> <span class='ocrx_word' id='word_1_47' title='bbox 597 1235 738 1329; x_wconf 86' lang='lat' dir='ltr'>oblique</span> <span class='ocrx_word' id='word_1_48' title='bbox 760 1237 929 1311; x_wconf 77' lang='lat' dir='ltr'><strong>incedens</strong></span> <span class='ocrx_word' id='word_1_49' title='bbox 951 1261 1012 1329; x_wconf 90' lang='lat' dir='ltr'><strong>per</strong></span> <span class='ocrx_word' id='word_1_50' title='bbox 1034 1261 1184 1330; x_wconf 78' lang='lat' dir='ltr'><strong>campus.</strong></span> <span class='ocrx_word' id='word_1_51' title='bbox 1222 1238 1351 1330; x_wconf 80' lang='lat' dir='ltr'><strong>Neque</strong></span> <span class='ocrx_word' id='word_1_52' title='bbox 1379 1260 1447 1307; x_wconf 84' lang='lat' dir='ltr'><strong>vero</strong></span> 
     </span>
     <span class='ocr_line' id='line_1_9' title="bbox 429 1333 1487 1431; baseline -0.005 -19"><span class='ocrx_word' id='word_1_53' title='bbox 429 1362 512 1412; x_wconf 89' lang='lat' dir='ltr'><strong>eum</strong></span> <span class='ocrx_word' id='word_1_54' title='bbox 530 1335 727 1418; x_wconf 81' lang='lat' dir='ltr'><strong>obduxeris,</strong></span> <span class='ocrx_word' id='word_1_55' title='bbox 747 1360 790 1410; x_wconf 90' lang='lat' dir='ltr'><strong>ne</strong></span> <span class='ocrx_word' id='word_1_56' title='bbox 803 1333 833 1408; x_wconf 83' lang='lat' dir='ltr'><strong>fi</strong></span> <span class='ocrx_word' id='word_1_57' title='bbox 848 1339 977 1431; x_wconf 87' lang='lat' dir='ltr'><strong>procul</strong></span> <span class='ocrx_word' id='word_1_58' title='bbox 988 1338 1129 1430; x_wconf 88' lang='lat' dir='ltr'><strong>quidem</strong></span> <span class='ocrx_word' id='word_1_59' title='bbox 1148 1359 1281 1408; x_wconf 77' lang='lat' dir='ltr'><strong>arceas.</strong></span> <span class='ocrx_word' id='word_1_60' title='bbox 1308 1339 1449 1407; x_wconf 71' lang='lat' dir='ltr'><strong>reciaco</strong></span> <span class='ocrx_word' id='word_1_61' title='bbox 1484 1352 1487 1427; x_wconf 78' lang='lat'>4</span> 
     </span>
     <span class='ocr_line' id='line_1_10' title="bbox 427 1433 1449 1532; baseline -0.008 -21"><span class='ocrx_word' id='word_1_62' title='bbox 427 1455 500 1510; x_wconf 86' lang='lat' dir='ltr'><strong>tem</strong></span> <span class='ocrx_word' id='word_1_63' title='bbox 516 1435 630 1510; x_wconf 88' lang='lat' dir='ltr'><strong>tendit</strong></span> <span class='ocrx_word' id='word_1_64' title='bbox 641 1437 880 1528; x_wconf 79' lang='lat' dir='ltr'><strong>pertinaciter,</strong></span> <span class='ocrx_word' id='word_1_65' title='bbox 890 1435 987 1510; x_wconf 88' lang='lat' dir='ltr'><strong>suavi</strong></span> <span class='ocrx_word' id='word_1_66' title='bbox 1003 1433 1213 1532; x_wconf 85' lang='lat' dir='ltr'><strong>apprehenso</strong></span> <span class='ocrx_word' id='word_1_67' title='bbox 1227 1435 1357 1516; x_wconf 87' lang='lat' dir='ltr'><strong>odore,</strong></span> <span class='ocrx_word' id='word_1_68' title='bbox 1378 1460 1449 1528; x_wconf 83' lang='lat' dir='ltr'><strong>quo</strong></span> 
     </span>
     <span class='ocr_line' id='line_1_11' title="bbox 428 1530 1448 1630; baseline -0.006 -20"><span class='ocrx_word' id='word_1_69' title='bbox 428 1535 473 1610; x_wconf 88' lang='lat' dir='ltr'><strong>a&#39;d</strong></span> <span class='ocrx_word' id='word_1_70' title='bbox 493 1534 600 1612; x_wconf 83' lang='lat' dir='ltr'><strong>finem</strong></span> <span class='ocrx_word' id='word_1_71' title='bbox 622 1535 769 1618; x_wconf 83' lang='lat' dir='ltr'><strong>laboris,</strong></span> <span class='ocrx_word' id='word_1_72' title='bbox 798 1539 832 1608; x_wconf 72' lang='grc' dir='ltr'><strong>ἃ</strong></span> <span class='ocrx_word' id='word_1_73' title='bbox 848 1534 892 1609; x_wconf 88' lang='lat' dir='ltr'><strong>ad</strong></span> <span class='ocrx_word' id='word_1_74' title='bbox 909 1553 1036 1610; x_wconf 86' lang='lat' dir='ltr'><strong>metam</strong></span> <span class='ocrx_word' id='word_1_75' title='bbox 1057 1539 1265 1630; x_wconf 85' lang='lat' dir='ltr'><strong>pervenerit</strong></span> <span class='ocrx_word' id='word_1_76' title='bbox 1311 1530 1448 1624; x_wconf 81' lang='lat' dir='ltr'><strong>Quodd</strong></span> 
     </span>
     <span class='ocr_line' id='line_1_12' title="bbox 431 1635 1449 1732; baseline -0.004 -20"><span class='ocrx_word' id='word_1_77' title='bbox 431 1647 511 1712; x_wconf 86' lang='lat' dir='ltr'><strong>eum</strong></span> <span class='ocrx_word' id='word_1_78' title='bbox 529 1659 638 1710; x_wconf 84' lang='lat' dir='ltr'><strong>armes</strong></span> <span class='ocrx_word' id='word_1_79' title='bbox 657 1641 784 1710; x_wconf 90' lang='lat' dir='ltr'><strong>innon</strong></span> <span class='ocrx_word' id='word_1_80' title='bbox 797 1652 914 1732; x_wconf 75' lang='lat' dir='ltr'><strong>captos</strong></span> <span class='ocrx_word' id='word_1_81' title='bbox 935 1638 1087 1730; x_wconf 83' lang='lat' dir='ltr'><strong>lepores,</strong></span> <span class='ocrx_word' id='word_1_82' title='bbox 1109 1636 1307 1709; x_wconf 87' lang='lat' dir='ltr'><strong>clanculum</strong></span> <span class='ocrx_word' id='word_1_83' title='bbox 1325 1635 1449 1727; x_wconf 85' lang='lat' dir='ltr'><strong>quiden</strong></span> 
     </span>
     <span class='ocr_line' id='line_1_13' title="bbox 421 1730 1447 1830; baseline -0.005 -21"><span class='ocrx_word' id='word_1_84' title='bbox 421 1735 582 1818; x_wconf 84' lang='lat' dir='ltr'><strong>accedit,</strong></span> <span class='ocrx_word' id='word_1_85' title='bbox 607 1735 792 1830; x_wconf 77' lang='lat' dir='ltr'><strong>uestigium</strong></span> <span class='ocrx_word' id='word_1_86' title='bbox 806 1760 913 1830; x_wconf 83' lang='lat' dir='ltr'>prope</span> <span class='ocrx_word' id='word_1_87' title='bbox 931 1735 1112 1830; x_wconf 86' lang='lat' dir='ltr'><strong>vestigium</strong></span> <span class='ocrx_word' id='word_1_88' title='bbox 1130 1733 1227 1829; x_wconf 84' lang='lat' dir='ltr'><strong>figit,</strong></span> <span class='ocrx_word' id='word_1_89' title='bbox 1254 1730 1447 1813; x_wconf 79' lang='lat' dir='ltr'><strong>summidas,</strong></span> 
     </span>
     <span class='ocr_line' id='line_1_14' title="bbox 427 1834 1448 1952; baseline -0.01 -40"><span class='ocrx_word' id='word_1_90' title='bbox 427 1834 495 1912; x_wconf 75' lang='lat' dir='ltr'><strong>sub</strong></span> <span class='ocrx_word' id='word_1_91' title='bbox 518 1834 649 1908; x_wconf 80' lang='lat' dir='ltr'><strong>vitibus</strong></span> <span class='ocrx_word' id='word_1_92' title='bbox 671 1838 803 1926; x_wconf 66' lang='lat' dir='ltr'><strong>trous,</strong></span> <span class='ocrx_word' id='word_1_93' title='bbox 829 1854 890 1910; x_wconf 81' lang='lat' dir='ltr'><strong>aut</strong></span> <span class='ocrx_word' id='word_1_94' title='bbox 921 1835 1073 1952; x_wconf 75' lang='lat' dir='ltr'><strong>stipulis,</strong></span> <span class='ocrx_word' id='word_1_95' title='bbox 1103 1834 1391 1928; x_wconf 78' lang='lat' dir='ltr'><strong>quemadmodum</strong></span> <span class='ocrx_word' id='word_1_96' title='bbox 1408 1834 1448 1903; x_wconf 87' lang='lat' dir='ltr'><strong>lu·</strong></span> 
     </span>
     <span class='ocr_line' id='line_1_15' title="bbox 433 1933 1487 2030; baseline -0.009 -20"><span class='ocrx_word' id='word_1_97' title='bbox 433 1960 500 2030; x_wconf 89' lang='lat' dir='ltr'><strong>pus</strong></span> <span class='ocrx_word' id='word_1_98' title='bbox 530 1933 710 2010; x_wconf 79' lang='lat' dir='ltr'><strong>haedorum</strong></span> <span class='ocrx_word' id='word_1_99' title='bbox 748 1954 897 2030; x_wconf 86' lang='lat' dir='ltr'><strong>raptor,</strong></span> <span class='ocrx_word' id='word_1_100' title='bbox 940 1939 1003 2030; x_wconf 90' lang='lat' dir='ltr'><strong>qui</strong></span> <span class='ocrx_word' id='word_1_101' title='bbox 1035 1935 1200 2030; x_wconf 86' lang='lat' dir='ltr'><strong>pastorem</strong></span> <span class='ocrx_word' id='word_1_102' title='bbox 1235 1934 1448 2010; x_wconf 81' lang='lat' dir='ltr'><strong>dormientem</strong></span> <span class='ocrx_word' id='word_1_103' title='bbox 1486 1994 1487 2019; x_wconf 53' lang='lat'>4</span> 
     </span>
     <span class='ocr_line' id='line_1_16' title="bbox 432 2031 1449 2130; baseline -0.007 -24"><span class='ocrx_word' id='word_1_104' title='bbox 432 2059 541 2130; x_wconf 83' lang='lat' dir='ltr'><strong>prope</strong></span> <span class='ocrx_word' id='word_1_105' title='bbox 555 2031 758 2118; x_wconf 75' lang='lat' dir='ltr'><strong>observans,</strong></span> <span class='ocrx_word' id='word_1_106' title='bbox 783 2035 913 2127; x_wconf 88' lang='lat' dir='ltr'><strong>placide</strong></span> <span class='ocrx_word' id='word_1_107' title='bbox 927 2035 1074 2109; x_wconf 84' lang='lat' dir='ltr'><strong>accedit.</strong></span> <span class='ocrx_word' id='word_1_108' title='bbox 1100 2058 1223 2108; x_wconf 82' lang='lat' dir='ltr'><strong>verum</strong></span> <span class='ocrx_word' id='word_1_109' title='bbox 1237 2031 1302 2108; x_wconf 84' lang='lat' dir='ltr'><strong>ubi</strong></span> <span class='ocrx_word' id='word_1_110' title='bbox 1311 2035 1354 2105; x_wconf 90' lang='lat' dir='ltr'><strong>ad</strong></span> <span class='ocrx_word' id='word_1_111' title='bbox 1366 2031 1449 2106; x_wconf 82' lang='lat' dir='ltr'><strong>lustra</strong></span> 
     </span>
     <span class='ocr_line' id='line_1_17' title="bbox 434 2129 1487 2228; baseline 0.003 -22"><span class='ocrx_word' id='word_1_112' title='bbox 434 2133 605 2228; x_wconf 70' lang='lat' dir='ltr'><strong>leporario</strong></span> <span class='ocrx_word' id='word_1_113' title='bbox 620 2138 888 2228; x_wconf 75' lang='lat' dir='ltr'><strong>propinquavit,</strong></span> <span class='ocrx_word' id='word_1_114' title='bbox 914 2135 1071 2210; x_wconf 79' lang='lat' dir='ltr'><strong>celeriter</strong></span> <span class='ocrx_word' id='word_1_115' title='bbox 1088 2136 1187 2208; x_wconf 78' lang='lat' dir='ltr'><strong>exilit</strong></span> <span class='ocrx_word' id='word_1_116' title='bbox 1198 2131 1328 2227; x_wconf 80' lang='lat' dir='ltr'><strong>sagrttae</strong></span> <span class='ocrx_word' id='word_1_117' title='bbox 1339 2129 1447 2209; x_wconf 71' lang='lat' dir='ltr'><strong>amris,</strong></span> <span class='ocrx_word' id='word_1_118' title='bbox 1486 2144 1487 2171; x_wconf 75' lang='lat'>³</span> 
     </span>
     <span class='ocr_line' id='line_1_18' title="bbox 434 2225 1448 2328; baseline -0.012 -16"><span class='ocrx_word' id='word_1_119' title='bbox 434 2253 496 2312; x_wconf 84' lang='lat' dir='ltr'><strong>aut</strong></span> <span class='ocrx_word' id='word_1_120' title='bbox 514 2239 618 2328; x_wconf 84' lang='lat' dir='ltr'><strong>angui</strong></span> <span class='ocrx_word' id='word_1_121' title='bbox 636 2230 809 2324; x_wconf 80' lang='lat' dir='ltr'><strong>sibilanti,</strong></span> <span class='ocrx_word' id='word_1_122' title='bbox 833 2259 941 2328; x_wconf 90' lang='lat' dir='ltr'><strong>quem</strong></span> <span class='ocrx_word' id='word_1_123' title='bbox 959 2239 1125 2310; x_wconf 82' lang='lat' dir='ltr'><strong>excitavit</strong></span> <span class='ocrx_word' id='word_1_124' title='bbox 1138 2233 1240 2308; x_wconf 83' lang='lat' dir='ltr'><strong>suurn</strong></span> <span class='ocrx_word' id='word_1_125' title='bbox 1252 2253 1337 2306; x_wconf 85' lang='lat' dir='ltr'><strong>ante</strong></span> <span class='ocrx_word' id='word_1_126' title='bbox 1358 2225 1448 2326; x_wconf 80' lang='lat' dir='ltr'><strong>quici-</strong></span> 
     </span>
     <span class='ocr_line' id='line_1_19' title="bbox 429 2334 1446 2427; baseline -0.009 -18.937"><span class='ocrx_word' id='word_1_127' title='bbox 429 2352 571 2408; x_wconf 88' lang='lat' dir='ltr'><strong>centem</strong></span> <span class='ocrx_word' id='word_1_128' title='bbox 587 2353 797 2408; x_wconf 86' lang='lat' dir='ltr'><strong>venenatum</strong></span> <span class='ocrx_word' id='word_1_129' title='bbox 815 2335 998 2408; x_wconf 77' lang='lat' dir='ltr'><strong>latibulum</strong></span> <span class='ocrx_word' id='word_1_130' title='bbox 1016 2334 1152 2418; x_wconf 77' lang='lat' dir='ltr'><strong>melior,</strong></span> <span class='ocrx_word' id='word_1_131' title='bbox 1180 2352 1239 2406; x_wconf 88' lang='lat' dir='ltr'><strong>aut</strong></span> <span class='ocrx_word' id='word_1_132' title='bbox 1252 2335 1376 2427; x_wconf 89' lang='lat' dir='ltr'><strong>aliquis</strong></span> <span class='ocrx_word' id='word_1_133' title='bbox 1390 2354 1446 2400; x_wconf 87' lang='lat' dir='ltr'><strong>am-</strong></span> 
     </span>
     <span class='ocr_line' id='line_1_20' title="bbox 429 2429 1446 2530; baseline -0.01 -22.941"><span class='ocrx_word' id='word_1_134' title='bbox 429 2453 512 2507; x_wconf 89' lang='lat' dir='ltr'><strong>·tor:</strong></span> <span class='ocrx_word' id='word_1_135' title='bbox 539 2431 583 2505; x_wconf 88' lang='lat' dir='ltr'><strong>fic</strong></span> <span class='ocrx_word' id='word_1_136' title='bbox 603 2435 661 2506; x_wconf 89' lang='lat' dir='ltr'><strong>ille</strong></span> <span class='ocrx_word' id='word_1_137' title='bbox 680 2436 780 2509; x_wconf 84' lang='lat' dir='ltr'><strong>laetus</strong></span> <span class='ocrx_word' id='word_1_138' title='bbox 800 2435 889 2508; x_wconf 87' lang='lat' dir='ltr'><strong>celer</strong></span> <span class='ocrx_word' id='word_1_139' title='bbox 909 2436 1026 2509; x_wconf 84' lang='lat' dir='ltr'><strong>exilit.</strong></span> <span class='ocrx_word' id='word_1_140' title='bbox 1049 2435 1143 2530; x_wconf 90' lang='lat' dir='ltr'><strong>quod</strong></span> <span class='ocrx_word' id='word_1_141' title='bbox 1161 2432 1344 2527; x_wconf 86' lang='lat' dir='ltr'><strong>ficeperit,</strong></span> <span class='ocrx_word' id='word_1_142' title='bbox 1368 2429 1446 2502; x_wconf 86' lang='lat' dir='ltr'><strong>facile</strong></span> 
     </span>
     <span class='ocr_line' id='line_1_21' title="bbox 428 2535 1487 2657; baseline -0.013 -45.907"><span class='ocrx_word' id='word_1_143' title='bbox 428 2560 478 2612; x_wconf 81' lang='lat' dir='ltr'><strong>eo</strong></span> <span class='ocrx_word' id='word_1_144' title='bbox 504 2537 613 2608; x_wconf 81' lang='lat' dir='ltr'><strong>acutis</strong></span> <span class='ocrx_word' id='word_1_145' title='bbox 631 2555 810 2630; x_wconf 85' lang='lat' dir='ltr'><strong>perempto</strong></span> <span class='ocrx_word' id='word_1_146' title='bbox 835 2535 1036 2630; x_wconf 84' lang='lat' dir='ltr'><strong>unguibus,</strong></span> <span class='ocrx_word' id='word_1_147' title='bbox 1064 2540 1105 2608; x_wconf 75' lang='lat' dir='ltr'><strong>dc</strong></span> <span class='ocrx_word' id='word_1_148' title='bbox 1123 2537 1221 2606; x_wconf 86' lang='lat' dir='ltr'><strong>malis</strong></span> <span class='ocrx_word' id='word_1_149' title='bbox 1241 2551 1343 2626; x_wconf 83' lang='lat' dir='ltr'><strong>capto</strong></span> <span class='ocrx_word' id='word_1_150' title='bbox 1362 2551 1445 2608; x_wconf 84' lang='lat' dir='ltr'><strong>onere</strong></span> <span class='ocrx_word' id='word_1_151' title='bbox 1485 2564 1487 2657; x_wconf 97' lang='lat'>4</span> 
     </span>
     <span class='ocr_line' id='line_1_22' title="bbox 434 2632 1487 2728; baseline -0.009 -22"><span class='ocrx_word' id='word_1_152' title='bbox 434 2658 562 2728; x_wconf 83' lang='lat' dir='ltr'><strong>magno</strong></span> <span class='ocrx_word' id='word_1_153' title='bbox 583 2637 744 2710; x_wconf 84' lang='lat' dir='ltr'><strong>occurrit</strong></span> <span class='ocrx_word' id='word_1_154' title='bbox 773 2638 941 2708; x_wconf 85' lang='lat' dir='ltr'><strong>Celeriter</strong></span> <span class='ocrx_word' id='word_1_155' title='bbox 960 2634 1092 2708; x_wconf 84' lang='lat' dir='ltr'><strong>adferat</strong></span> <span class='ocrx_word' id='word_1_156' title='bbox 1114 2636 1303 2720; x_wconf 84' lang='lat' dir='ltr'><strong>laborans,</strong></span> <span class='ocrx_word' id='word_1_157' title='bbox 1338 2635 1368 2704; x_wconf 77' lang='lat' dir='ltr'><strong>dc</strong></span> <span class='ocrx_word' id='word_1_158' title='bbox 1387 2632 1487 2701; x_wconf 85' lang='lat' dir='ltr'><strong>hcet</strong></span> 
     </span>
     <span class='ocr_line' id='line_1_23' title="bbox 437 2662 1487 2851; baseline -0.008 -45"><span class='ocrx_word' id='word_1_159' title='bbox 437 2751 599 2830; x_wconf 80' lang='lat' dir='ltr'><strong>gravatus</strong></span> <span class='ocrx_word' id='word_1_160' title='bbox 616 2735 764 2808; x_wconf 78' lang='lat' dir='ltr'><strong>accedat.</strong></span> <span class='ocrx_word' id='word_1_161' title='bbox 801 2735 1106 2851; x_wconf 74' lang='lat' dir='ltr'><strong>Quemadmodum</strong></span> <span class='ocrx_word' id='word_1_162' title='bbox 1120 2752 1236 2809; x_wconf 89' lang='lat' dir='ltr'><strong>autem</strong></span> <span class='ocrx_word' id='word_1_163' title='bbox 1255 2761 1300 2807; x_wconf 82' lang='lat' dir='ltr'><strong>cx</strong></span> <span class='ocrx_word' id='word_1_164' title='bbox 1316 2757 1392 2803; x_wconf 89' lang='lat' dir='ltr'><strong>arvo</strong></span> <span class='ocrx_word' id='word_1_165' title='bbox 1403 2754 1447 2799; x_wconf 78' lang='lat' dir='ltr'><strong>vo</strong></span> <span class='ocrx_word' id='word_1_166' title='bbox 1485 2662 1487 2781; x_wconf 79' lang='grc'><strong>1</strong></span> 
     </span>
     <span class='ocr_line' id='line_1_24' title="bbox 433 2828 1448 2932; baseline -0.005 -27"><span class='ocrx_word' id='word_1_167' title='bbox 433 2831 526 2912; x_wconf 78' lang='lat' dir='ltr'><strong>hitf</strong></span> <span class='ocrx_word' id='word_1_168' title='bbox 523 2857 623 2927; x_wconf 86' lang='lat' dir='ltr'><strong>rages</strong></span> <span class='ocrx_word' id='word_1_169' title='bbox 646 2833 781 2919; x_wconf 84' lang='lat' dir='ltr'><strong>medis,</strong></span> <span class='ocrx_word' id='word_1_170' title='bbox 809 2836 1040 2932; x_wconf 85' lang='lat' dir='ltr'><strong>onustumque</strong></span> <span class='ocrx_word' id='word_1_171' title='bbox 1052 2854 1169 2909; x_wconf 78' lang='lat' dir='ltr'><strong>tritico</strong></span> <span class='ocrx_word' id='word_1_172' title='bbox 1186 2838 1224 2907; x_wconf 91' lang='lat' dir='ltr'><strong>in</strong></span> <span class='ocrx_word' id='word_1_173' title='bbox 1242 2828 1448 2906; x_wconf 84' lang='lat' dir='ltr'><strong>villamvadit</strong></span> 
     </span>
     <span class='ocr_line' id='line_1_25' title="bbox 431 2932 1446 3030; baseline -0.006 -26"><span class='ocrx_word' id='word_1_174' title='bbox 431 2933 644 3027; x_wconf 82' lang='lat' dir='ltr'><strong>plaustrum:</strong></span> <span class='ocrx_word' id='word_1_175' title='bbox 669 2934 706 3006; x_wconf 89' lang='lat' dir='ltr'><strong>id</strong></span> <span class='ocrx_word' id='word_1_176' title='bbox 731 2954 848 3008; x_wconf 87' lang='lat' dir='ltr'><strong>autem</strong></span> <span class='ocrx_word' id='word_1_177' title='bbox 870 2934 1055 3030; x_wconf 84' lang='lat' dir='ltr'><strong>conspicati</strong></span> <span class='ocrx_word' id='word_1_178' title='bbox 1079 2936 1259 3030; x_wconf 84' lang='lat' dir='ltr'><strong>prodeunt</strong></span> <span class='ocrx_word' id='word_1_179' title='bbox 1274 2932 1446 3026; x_wconf 83' lang='lat' dir='ltr'><strong>frequentes</strong></span> 
     </span>
     <span class='ocr_line' id='line_1_26' title="bbox 436 3032 1446 3124; baseline 0.003 -20"><span class='ocrx_word' id='word_1_180' title='bbox 436 3032 576 3112; x_wconf 88' lang='lat' dir='ltr'><strong>rustici,</strong></span> <span class='ocrx_word' id='word_1_181' title='bbox 601 3032 695 3106; x_wconf 82' lang='lat' dir='ltr'><strong>ilicet</strong></span> <span class='ocrx_word' id='word_1_182' title='bbox 710 3033 850 3112; x_wconf 86' lang='lat' dir='ltr'><strong>obviam</strong></span> <span class='ocrx_word' id='word_1_183' title='bbox 865 3055 1104 3119; x_wconf 80' lang='lat' dir='ltr'><strong>occurrentes,</strong></span> <span class='ocrx_word' id='word_1_184' title='bbox 1124 3038 1217 3108; x_wconf 81' lang='lat' dir='ltr'><strong>nlius</strong></span> <span class='ocrx_word' id='word_1_185' title='bbox 1233 3053 1330 3106; x_wconf 81' lang='lat' dir='ltr'><strong>rotas</strong></span> <span class='ocrx_word' id='word_1_186' title='bbox 1349 3045 1446 3124; x_wconf 72' lang='lat' dir='ltr'><strong>urget,</strong></span> 
     </span>
     <span class='ocr_line' id='line_1_27' title="bbox 432 3129 1448 3226; baseline -0.002 -19.99"><span class='ocrx_word' id='word_1_187' title='bbox 432 3133 526 3206; x_wconf 86' lang='lat' dir='ltr'><strong>alius</strong></span> <span class='ocrx_word' id='word_1_188' title='bbox 548 3129 768 3222; x_wconf 86' lang='lat' dir='ltr'><strong>vehiculum,</strong></span> <span class='ocrx_word' id='word_1_189' title='bbox 784 3138 872 3208; x_wconf 86' lang='lat' dir='ltr'><strong>alius</strong></span> <span class='ocrx_word' id='word_1_190' title='bbox 888 3139 944 3207; x_wconf 88' lang='lat' dir='ltr'><strong>axi</strong></span> <span class='ocrx_word' id='word_1_191' title='bbox 960 3138 1104 3210; x_wconf 74' lang='lat' dir='ltr'><strong>monus</strong></span> <span class='ocrx_word' id='word_1_192' title='bbox 1119 3137 1227 3206; x_wconf 81' lang='lat' dir='ltr'><strong>boves</strong></span> <span class='ocrx_word' id='word_1_193' title='bbox 1242 3135 1399 3226; x_wconf 86' lang='lat' dir='ltr'><strong>adjuvat.</strong></span> <span class='ocrx_word' id='word_1_194' title='bbox 1421 3130 1448 3196; x_wconf 82' lang='lat' dir='ltr'><strong>iu</strong></span> 
     </span>
     <span class='ocr_line' id='line_1_28' title="bbox 395 3231 1447 3330; baseline -0.004 -28"><span class='ocrx_word' id='word_1_195' title='bbox 395 3312 400 3330; x_wconf 46' lang='lat'>4</span> <span class='ocrx_word' id='word_1_196' title='bbox 437 3232 557 3302; x_wconf 86' lang='lat' dir='ltr'><strong>villam</strong></span> <span class='ocrx_word' id='word_1_197' title='bbox 590 3252 704 3304; x_wconf 87' lang='lat' dir='ltr'><strong>autem</strong></span> <span class='ocrx_word' id='word_1_198' title='bbox 734 3234 797 3308; x_wconf 89' lang='lat' dir='ltr'><strong>ubi</strong></span> <span class='ocrx_word' id='word_1_199' title='bbox 820 3253 1074 3330; x_wconf 86' lang='lat' dir='ltr'><strong>pervenerunt,</strong></span> <span class='ocrx_word' id='word_1_200' title='bbox 1105 3231 1248 3307; x_wconf 84' lang='lat' dir='ltr'><strong>solvunt</strong></span> <span class='ocrx_word' id='word_1_201' title='bbox 1277 3249 1447 3308; x_wconf 85' lang='lat' dir='ltr'><strong>temonem:</strong></span> 
     </span>
     <span class='ocr_line' id='line_1_29' title="bbox 416 3321 1463 3427; baseline -0.006 -19"><span class='ocrx_word' id='word_1_202' title='bbox 416 3333 532 3408; x_wconf 82' lang='lat' dir='ltr'><strong>·taun</strong></span> <span class='ocrx_word' id='word_1_203' title='bbox 548 3355 632 3404; x_wconf 87' lang='lat' dir='ltr'><strong>vero</strong></span> <span class='ocrx_word' id='word_1_204' title='bbox 649 3321 807 3407; x_wconf 77' lang='lat' dir='ltr'><strong>sudantes</strong></span> <span class='ocrx_word' id='word_1_205' title='bbox 819 3331 987 3427; x_wconf 76' lang='lat' dir='ltr'><strong>respirant</strong></span> <span class='ocrx_word' id='word_1_206' title='bbox 1002 3361 1022 3409; x_wconf 88' lang='lat' dir='ltr'><strong>a</strong></span> <span class='ocrx_word' id='word_1_207' title='bbox 1039 3333 1179 3408; x_wconf 84' lang='lat' dir='ltr'><strong>labore:</strong></span> <span class='ocrx_word' id='word_1_208' title='bbox 1200 3337 1341 3407; x_wconf 83' lang='lat' dir='ltr'><strong>animus</strong></span> <span class='ocrx_word' id='word_1_209' title='bbox 1357 3347 1463 3402; x_wconf 83' lang='lat' dir='ltr'><strong>auctu</strong></span> 
     </span>
     <span class='ocr_line' id='line_1_30' title="bbox 429 3427 1447 3531; baseline -0.01 -26.961"><span class='ocrx_word' id='word_1_210' title='bbox 429 3427 572 3523; x_wconf 74' lang='lat' dir='ltr'><strong>datigati</strong></span> <span class='ocrx_word' id='word_1_211' title='bbox 587 3431 686 3503; x_wconf 83' lang='lat' dir='ltr'><strong>valde</strong></span> <span class='ocrx_word' id='word_1_212' title='bbox 705 3433 839 3506; x_wconf 82' lang='lat' dir='ltr'><strong>laetatur</strong></span> <span class='ocrx_word' id='word_1_213' title='bbox 854 3437 997 3528; x_wconf 84' lang='lat' dir='ltr'><strong>aurigae.</strong></span> <span class='ocrx_word' id='word_1_214' title='bbox 1021 3431 1069 3508; x_wconf 80' lang='lat' dir='ltr'><strong>dc</strong></span> <span class='ocrx_word' id='word_1_215' title='bbox 1079 3437 1142 3508; x_wconf 88' lang='lat' dir='ltr'><strong>ille</strong></span> <span class='ocrx_word' id='word_1_216' title='bbox 1153 3438 1252 3508; x_wconf 79' lang='lat' dir='ltr'><strong>uenit</strong></span> <span class='ocrx_word' id='word_1_217' title='bbox 1270 3458 1356 3508; x_wconf 84' lang='lat' dir='ltr'><strong>onus</strong></span> <span class='ocrx_word' id='word_1_218' title='bbox 1371 3427 1447 3531; x_wconf 82' lang='lat' dir='ltr'><strong>malit</strong></span> 
     </span>
     <span class='ocr_line' id='line_1_31' title="bbox 438 3519 1446 3624; baseline -0.005 -24"><span class='ocrx_word' id='word_1_219' title='bbox 438 3549 591 3624; x_wconf 88' lang='lat' dir='ltr'><strong>portans</strong></span> <span class='ocrx_word' id='word_1_220' title='bbox 612 3531 774 3604; x_wconf 80' lang='lat' dir='ltr'><strong>celeriter</strong></span> <span class='ocrx_word' id='word_1_221' title='bbox 792 3557 876 3606; x_wconf 89' lang='lat' dir='ltr'><strong>vero</strong></span> <span class='ocrx_word' id='word_1_222' title='bbox 895 3533 1005 3607; x_wconf 90' lang='lat' dir='ltr'><strong>statim</strong></span> <span class='ocrx_word' id='word_1_223' title='bbox 1025 3539 1178 3607; x_wconf 88' lang='lat' dir='ltr'><strong>occurrit</strong></span> <span class='ocrx_word' id='word_1_224' title='bbox 1190 3535 1290 3608; x_wconf 85' lang='lat' dir='ltr'><strong>laetus</strong></span> <span class='ocrx_word' id='word_1_225' title='bbox 1309 3519 1446 3604; x_wconf 76' lang='lat' dir='ltr'><strong>venator·</strong></span> 
     </span>
     <span class='ocr_line' id='line_1_32' title="bbox 436 3630 1485 3729; baseline 0.002 -28"><span class='ocrx_word' id='word_1_226' title='bbox 436 3630 560 3712; x_wconf 85' lang='lat' dir='ltr'><strong>ambos</strong></span> <span class='ocrx_word' id='word_1_227' title='bbox 579 3651 693 3706; x_wconf 85' lang='lat' dir='ltr'><strong>autern</strong></span> <span class='ocrx_word' id='word_1_228' title='bbox 711 3635 779 3706; x_wconf 84' lang='lat' dir='ltr'><strong>alte</strong></span> <span class='ocrx_word' id='word_1_229' title='bbox 797 3631 950 3707; x_wconf 79' lang='lat' dir='ltr'><strong>sublatos</strong></span> <span class='ocrx_word' id='word_1_230' title='bbox 971 3655 1115 3709; x_wconf 86' lang='lat' dir='ltr'><strong>amatre</strong></span> <span class='ocrx_word' id='word_1_231' title='bbox 1138 3653 1228 3708; x_wconf 87' lang='lat' dir='ltr'><strong>terra</strong></span> <span class='ocrx_word' id='word_1_232' title='bbox 1239 3634 1485 3729; x_wconf 57' lang='lat' dir='ltr'><strong>amplectitur</strong></span> 
     </span>
     <span class='ocr_line' id='line_1_33' title="bbox 433 3727 1143 3852; baseline -0.001 -45"><span class='ocrx_word' id='word_1_233' title='bbox 433 3727 632 3819; x_wconf 68' lang='lat' dir='ltr'><strong>deram,&amp;</strong></span> <span class='ocrx_word' id='word_1_234' title='bbox 652 3729 761 3826; x_wconf 85' lang='lat' dir='ltr'><strong>ipsum</strong></span> <span class='ocrx_word' id='word_1_235' title='bbox 778 3729 859 3808; x_wconf 84' lang='lat' dir='ltr'><strong>ferae</strong></span> <span class='ocrx_word' id='word_1_236' title='bbox 868 3730 1143 3852; x_wconf 77' lang='lat' dir='ltr'><strong>interfedorem.</strong></span> 
     </span>
    </p>
   </div>
   <div class='ocr_carea' id='block_1_3' title="bbox 0 0 1601 5434">
    <p class='ocr_par' dir='ltr' id='par_1_3' title="bbox 0 0 1601 5434">
     <span class='ocr_line' id='line_1_34' title="bbox 0 0 1601 5434; baseline 0 0"><span class='ocrx_word' id='word_1_237' title='bbox 0 0 1601 5434; x_wconf 95' lang='lat' dir='ltr'><strong> </strong></span> 
     </span>
    </p>
   </div>
  </div>
 </body>
</html>
