<?xml version="1.0" encoding="UTF-8"?>
<!DOCTYPE html PUBLIC "-//W3C//DTD XHTML 1.0 Transitional//EN"
    "http://www.w3.org/TR/xhtml1/DTD/xhtml1-transitional.dtd">
<html xmlns="http://www.w3.org/1999/xhtml" xml:lang="en" lang="en">
 <head>
  <title>
</title>
<meta http-equiv="Content-Type" content="text/html;charset=utf-8" />
  <meta name='ocr-system' content='tesseract 3.04.00' />
  <meta name='ocr-capabilities' content='ocr_page ocr_carea ocr_par ocr_line ocrx_word'/>
</head>
<body>
  <div class='ocr_page' id='page_1' title='image "./oppianipoetaeci00oppigoog_0250.png"; bbox 0 0 3175 5434; ppageno 0'>
   <div class='ocr_carea' id='block_1_1' title="bbox 319 405 1191 558">
    <p class='ocr_par' dir='ltr' id='par_1_1' title="bbox 319 405 1191 558">
     <span class='ocr_line' id='line_1_1' title="bbox 319 405 1191 558; baseline 0.003 -24"><span class='ocrx_word' id='word_1_1' title='bbox 319 469 396 536; x_wconf 72' lang='grc'>’111</span> <span class='ocrx_word' id='word_1_2' title='bbox 436 405 801 544; x_wconf 70' lang='lat' dir='ltr'><strong>vtulorque</strong></span> <span class='ocrx_word' id='word_1_3' title='bbox 847 467 1022 538; x_wconf 79' lang='grc'>11111.</span> <span class='ocrx_word' id='word_1_4' title='bbox 1104 475 1191 558; x_wconf 69' lang='lat'><strong>20,</strong></span> 
     </span>
    </p>
   </div>
   <div class='ocr_carea' id='block_1_2' title="bbox 119 595 1303 1294">
    <p class='ocr_par' dir='ltr' id='par_1_2' title="bbox 140 595 1303 1274">
     <span class='ocr_line' id='line_1_2' title="bbox 140 595 1194 698; baseline 0.002 -22"><span class='ocrx_word' id='word_1_5' title='bbox 140 595 368 676; x_wconf 79' lang='lat' dir='ltr'><strong>hominibus.</strong></span> <span class='ocrx_word' id='word_1_6' title='bbox 408 602 530 694; x_wconf 86' lang='lat' dir='ltr'><strong>Equus</strong></span> <span class='ocrx_word' id='word_1_7' title='bbox 548 623 631 670; x_wconf 82' lang='lat' dir='ltr'><strong>vern</strong></span> <span class='ocrx_word' id='word_1_8' title='bbox 647 603 792 674; x_wconf 85' lang='lat' dir='ltr'><strong>martius</strong></span> <span class='ocrx_word' id='word_1_9' title='bbox 806 601 1009 676; x_wconf 87' lang='lat' dir='ltr'><strong>Macedonis</strong></span> <span class='ocrx_word' id='word_1_10' title='bbox 1024 604 1194 698; x_wconf 80' lang='lat' dir='ltr'><strong>regisllu·</strong></span> 
     </span>
     <span class='ocr_line' id='line_1_3' title="bbox 141 701 1190 796; baseline 0.004 -20"><span class='ocrx_word' id='word_1_11' title='bbox 141 701 316 796; x_wconf 83' lang='lat' dir='ltr'><strong>cephalos</strong></span> <span class='ocrx_word' id='word_1_12' title='bbox 328 702 438 772; x_wconf 83' lang='lat' dir='ltr'><strong>armis</strong></span> <span class='ocrx_word' id='word_1_13' title='bbox 456 707 574 772; x_wconf 78' lang='grc'>111111</span> <span class='ocrx_word' id='word_1_14' title='bbox 590 701 788 774; x_wconf 81' lang='lat' dir='ltr'><strong>dimicabat.</strong></span> <span class='ocrx_word' id='word_1_15' title='bbox 839 704 959 794; x_wconf 82' lang='lat' dir='ltr'><strong>Equus</strong></span> <span class='ocrx_word' id='word_1_16' title='bbox 974 702 1074 796; x_wconf 87' lang='lat' dir='ltr'><strong>super</strong></span> <span class='ocrx_word' id='word_1_17' title='bbox 1083 701 1190 796; x_wconf 83' lang='lat' dir='ltr'><strong>spicas</strong></span> 
     </span>
     <span class='ocr_line' id='line_1_4' title="bbox 141 798 1189 896; baseline 0.003 -21"><span class='ocrx_word' id='word_1_18' title='bbox 141 803 314 875; x_wconf 84' lang='lat' dir='ltr'><strong>ourrebat</strong></span> <span class='ocrx_word' id='word_1_19' title='bbox 340 800 476 872; x_wconf 82' lang='lat' dir='ltr'><strong>levibus</strong></span> <span class='ocrx_word' id='word_1_20' title='bbox 504 800 670 890; x_wconf 83' lang='lat' dir='ltr'><strong>pedibus:</strong></span> <span class='ocrx_word' id='word_1_21' title='bbox 706 805 794 873; x_wconf 88' lang='lat' dir='ltr'><strong>alius</strong></span> <span class='ocrx_word' id='word_1_22' title='bbox 815 798 915 894; x_wconf 87' lang='lat' dir='ltr'><strong>super</strong></span> <span class='ocrx_word' id='word_1_23' title='bbox 937 827 1047 885; x_wconf 86' lang='lat' dir='ltr'>mare,</span> <span class='ocrx_word' id='word_1_24' title='bbox 1075 827 1189 896; x_wconf 85' lang='lat' dir='ltr'><strong>neque</strong></span> 
     </span>
     <span class='ocr_line' id='line_1_5' title="bbox 143 897 1290 995; baseline -0.004 -20"><span class='ocrx_word' id='word_1_25' title='bbox 143 903 319 995; x_wconf 79' lang='lat' dir='ltr'><strong>ungulam</strong></span> <span class='ocrx_word' id='word_1_26' title='bbox 334 902 453 972; x_wconf 81' lang='lat' dir='ltr'><strong>tirtxit.</strong></span> <span class='ocrx_word' id='word_1_27' title='bbox 506 900 625 990; x_wconf 84' lang='lat' dir='ltr'><strong>Equus</strong></span> <span class='ocrx_word' id='word_1_28' title='bbox 639 897 739 989; x_wconf 80' lang='lat' dir='ltr'><strong>super</strong></span> <span class='ocrx_word' id='word_1_29' title='bbox 758 899 869 972; x_wconf 85' lang='lat' dir='ltr'><strong>nubes</strong></span> <span class='ocrx_word' id='word_1_30' title='bbox 886 898 1067 973; x_wconf 78' lang='lat' dir='ltr'>Chimaerae</span> <span class='ocrx_word' id='word_1_31' title='bbox 1080 905 1193 974; x_wconf 90' lang='lat' dir='ltr'><strong>inter.</strong></span> <span class='ocrx_word' id='word_1_32' title='bbox 1287 956 1290 961; x_wconf 29' lang='lat'><strong>⁴</strong></span> 
     </span>
     <span class='ocr_line' id='line_1_6' title="bbox 119 995 1191 1094; baseline 0 -20"><span class='ocrx_word' id='word_1_33' title='bbox 119 1000 316 1074; x_wconf 73' lang='lat' dir='ltr'><strong>letiorem</strong></span> <span class='ocrx_word' id='word_1_34' title='bbox 342 1002 439 1070; x_wconf 84' lang='lat' dir='ltr'><strong>vexit</strong></span> <span class='ocrx_word' id='word_1_35' title='bbox 456 1001 596 1070; x_wconf 85' lang='lat' dir='ltr'><strong>virum:</strong></span> <span class='ocrx_word' id='word_1_36' title='bbox 635 1003 668 1071; x_wconf 78' lang='lat' dir='ltr'><strong>lic</strong></span> <span class='ocrx_word' id='word_1_37' title='bbox 688 995 852 1071; x_wconf 89' lang='lat' dir='ltr'><strong>hinniens</strong></span> <span class='ocrx_word' id='word_1_38' title='bbox 869 1001 1056 1094; x_wconf 85' lang='lat' dir='ltr'><strong>aliquando</strong></span> <span class='ocrx_word' id='word_1_39' title='bbox 1076 1026 1191 1094; x_wconf 81' lang='lat' dir='ltr'><strong>equus</strong></span> 
     </span>
     <span class='ocr_line' id='line_1_7' title="bbox 144 1095 1303 1194; baseline -0.001 -20"><span class='ocrx_word' id='word_1_40' title='bbox 144 1098 329 1194; x_wconf 79' lang='lat' dir='ltr'><strong>-equisonis</strong></span> <span class='ocrx_word' id='word_1_41' title='bbox 358 1098 447 1170; x_wconf 82' lang='lat' dir='ltr'><strong>dolis</strong></span> <span class='ocrx_word' id='word_1_42' title='bbox 476 1115 606 1169; x_wconf 84' lang='lat' dir='ltr'><strong>creavrt</strong></span> <span class='ocrx_word' id='word_1_43' title='bbox 631 1095 808 1171; x_wconf 79' lang='lat' dir='ltr'>Persarum</span> <span class='ocrx_word' id='word_1_44' title='bbox 835 1097 1038 1174; x_wconf 74' lang='lat' dir='ltr'>Asianorum</span> <span class='ocrx_word' id='word_1_45' title='bbox 1058 1125 1189 1194; x_wconf 86' lang='lat' dir='ltr'><strong>regern.</strong></span> <span class='ocrx_word' id='word_1_46' title='bbox 1297 1095 1303 1104; x_wconf 71' lang='grc'><strong><em>’</em></strong></span> 
     </span>
     <span class='ocr_line' id='line_1_8' title="bbox 149 1193 1198 1294; baseline -0.002 -20"><span class='ocrx_word' id='word_1_47' title='bbox 149 1201 289 1274; x_wconf 81' lang='lat' dir='ltr'><strong>Eximio</strong></span> <span class='ocrx_word' id='word_1_48' title='bbox 306 1215 421 1271; x_wconf 88' lang='lat' dir='ltr'><strong>autem</strong></span> <span class='ocrx_word' id='word_1_49' title='bbox 440 1193 575 1268; x_wconf 82' lang='lat' dir='ltr'><strong>rursum</strong></span> <span class='ocrx_word' id='word_1_50' title='bbox 598 1215 810 1271; x_wconf 86' lang='lat' dir='ltr'><strong>venerantur</strong></span> <span class='ocrx_word' id='word_1_51' title='bbox 825 1219 1009 1272; x_wconf 87' lang='lat' dir='ltr'><strong>naturam:</strong></span> <span class='ocrx_word' id='word_1_52' title='bbox 1036 1200 1198 1294; x_wconf 77' lang='lat' dir='ltr'><strong>istudpe-</strong></span> 
     </span>
    </p>
   </div>
   <div class='ocr_carea' id='block_1_3' title="bbox 151 1227 1295 1375">
    <p class='ocr_par' dir='ltr' id='par_1_3' title="bbox 151 1227 1295 1375">
     <span class='ocr_line' id='line_1_9' title="bbox 151 1227 1295 1375; baseline 0.005 -6"><span class='ocrx_word' id='word_1_53' title='bbox 151 1302 252 1373; x_wconf 82' lang='lat' dir='ltr'><strong>nitus</strong></span> <span class='ocrx_word' id='word_1_54' title='bbox 268 1299 464 1372; x_wconf 88' lang='lat' dir='ltr'><strong>inauditum</strong></span> <span class='ocrx_word' id='word_1_55' title='bbox 490 1297 532 1367; x_wconf 89' lang='lat' dir='ltr'><strong>ad</strong></span> <span class='ocrx_word' id='word_1_56' title='bbox 556 1300 691 1372; x_wconf 87' lang='lat' dir='ltr'><strong>coitum</strong></span> <span class='ocrx_word' id='word_1_57' title='bbox 716 1295 879 1370; x_wconf 80' lang='lat' dir='ltr'><strong>accellilse</strong></span> <span class='ocrx_word' id='word_1_58' title='bbox 900 1299 1097 1373; x_wconf 81' lang='lat' dir='ltr'><strong>nefarium.</strong></span> <span class='ocrx_word' id='word_1_59' title='bbox 1134 1227 1194 1375; x_wconf 72' lang='lat' dir='ltr'>sped</span> <span class='ocrx_word' id='word_1_60' title='bbox 1283 1329 1295 1348; x_wconf 56' lang='lat'>⁸</span> 
     </span>
    </p>
   </div>
   <div class='ocr_carea' id='block_1_4' title="bbox 152 1387 1141 1493">
    <p class='ocr_par' dir='ltr' id='par_1_4' title="bbox 152 1387 1141 1493">
     <span class='ocr_line' id='line_1_10' title="bbox 152 1387 1141 1493; baseline 0 -21"><span class='ocrx_word' id='word_1_61' title='bbox 152 1416 298 1473; x_wconf 80' lang='lat' dir='ltr'>manent</span> <span class='ocrx_word' id='word_1_62' title='bbox 311 1401 392 1493; x_wconf 91' lang='lat' dir='ltr'><strong>puri</strong></span> <span class='ocrx_word' id='word_1_63' title='bbox 411 1387 597 1481; x_wconf 80' lang='lat' dir='ltr'><strong>scelerum,</strong></span> <span class='ocrx_word' id='word_1_64' title='bbox 623 1398 816 1491; x_wconf 83' lang='lat' dir='ltr'><strong>castamque</strong></span> <span class='ocrx_word' id='word_1_65' title='bbox 829 1419 948 1472; x_wconf 85' lang='lat' dir='ltr'>amant</span> <span class='ocrx_word' id='word_1_66' title='bbox 966 1422 1141 1472; x_wconf 86' lang='lat' dir='ltr'>venerem.</span> 
     </span>
    </p>
   </div>
   <div class='ocr_carea' id='block_1_5' title="bbox 151 1607 1263 2503">
    <p class='ocr_par' dir='ltr' id='par_1_5' title="bbox 151 1607 1263 2503">
     <span class='ocr_line' id='line_1_11' title="bbox 200 1607 1196 1706; baseline -0.003 -20"><span class='ocrx_word' id='word_1_67' title='bbox 200 1631 289 1702; x_wconf 82' lang='lat'><strong>239.</strong></span> <span class='ocrx_word' id='word_1_68' title='bbox 319 1607 446 1681; x_wconf 84' lang='lat' dir='ltr'><strong>Audivi</strong></span> <span class='ocrx_word' id='word_1_69' title='bbox 456 1623 498 1682; x_wconf 86' lang='lat' dir='ltr'><strong>ut</strong></span> <span class='ocrx_word' id='word_1_70' title='bbox 512 1610 596 1682; x_wconf 90' lang='lat' dir='ltr'><strong>olim</strong></span> <span class='ocrx_word' id='word_1_71' title='bbox 609 1607 762 1704; x_wconf 84' lang='lat' dir='ltr'><strong>locuples</strong></span> <span class='ocrx_word' id='word_1_72' title='bbox 784 1610 925 1705; x_wconf 87' lang='lat' dir='ltr'><strong>quidam</strong></span> <span class='ocrx_word' id='word_1_73' title='bbox 937 1632 998 1682; x_wconf 82' lang='lat' dir='ltr'><strong>rex</strong></span> <span class='ocrx_word' id='word_1_74' title='bbox 1008 1608 1196 1706; x_wconf 81' lang='lat' dir='ltr'><strong>(Scythiae)</strong></span> 
     </span>
     <span class='ocr_line' id='line_1_12' title="bbox 152 1707 1194 1807; baseline -0.001 -24"><span class='ocrx_word' id='word_1_75' title='bbox 152 1715 334 1807; x_wconf 83' lang='lat' dir='ltr'><strong>egregium</strong></span> <span class='ocrx_word' id='word_1_76' title='bbox 351 1707 501 1780; x_wconf 86' lang='lat' dir='ltr'><strong>habebat</strong></span> <span class='ocrx_word' id='word_1_77' title='bbox 518 1712 556 1781; x_wconf 91' lang='lat' dir='ltr'><strong>in</strong></span> <span class='ocrx_word' id='word_1_78' title='bbox 578 1711 669 1804; x_wconf 84' lang='lat' dir='ltr'><strong>agris</strong></span> <span class='ocrx_word' id='word_1_79' title='bbox 684 1733 856 1804; x_wconf 89' lang='lat' dir='ltr'><strong>equorum</strong></span> <span class='ocrx_word' id='word_1_80' title='bbox 873 1713 1040 1806; x_wconf 81' lang='lat' dir='ltr'>gregalem</span> <span class='ocrx_word' id='word_1_81' title='bbox 1053 1729 1194 1794; x_wconf 86' lang='lat' dir='ltr'><strong>coetum,</strong></span> 
     </span>
     <span class='ocr_line' id='line_1_13' title="bbox 154 1807 1198 1905; baseline 0 -21"><span class='ocrx_word' id='word_1_82' title='bbox 154 1838 247 1905; x_wconf 85' lang='lat' dir='ltr'><strong>quos</strong></span> <span class='ocrx_word' id='word_1_83' title='bbox 259 1833 380 1882; x_wconf 86' lang='lat' dir='ltr'><strong>omnes</strong></span> <span class='ocrx_word' id='word_1_84' title='bbox 391 1807 515 1879; x_wconf 86' lang='lat' dir='ltr'>deinde</span> <span class='ocrx_word' id='word_1_85' title='bbox 526 1808 811 1883; x_wconf 81' lang='lat' dir='ltr'><strong>cumabolevilset</strong></span> <span class='ocrx_word' id='word_1_86' title='bbox 821 1814 968 1905; x_wconf 74' lang='lat' dir='ltr'><strong>equinus</strong></span> <span class='ocrx_word' id='word_1_87' title='bbox 978 1811 1133 1892; x_wconf 88' lang='lat' dir='ltr'><strong>morbus,</strong></span> <span class='ocrx_word' id='word_1_88' title='bbox 1143 1834 1198 1884; x_wconf 85' lang='lat' dir='ltr'><strong>re·</strong></span> 
     </span>
     <span class='ocr_line' id='line_1_14' title="bbox 151 1907 1199 2004; baseline 0 -20"><span class='ocrx_word' id='word_1_89' title='bbox 151 1915 261 2004; x_wconf 85' lang='lat' dir='ltr'><strong>liquit</strong></span> <span class='ocrx_word' id='word_1_90' title='bbox 279 1911 387 1990; x_wconf 85' lang='lat' dir='ltr'><strong>duos,</strong></span> <span class='ocrx_word' id='word_1_91' title='bbox 423 1917 567 1980; x_wconf 85' lang='lat' dir='ltr'><strong>matrem</strong></span> <span class='ocrx_word' id='word_1_92' title='bbox 596 1907 725 1992; x_wconf 85' lang='lat' dir='ltr'><strong>solam,</strong></span> <span class='ocrx_word' id='word_1_93' title='bbox 760 1913 937 1984; x_wconf 81' lang='lat' dir='ltr'><strong>&amp;matris</strong></span> <span class='ocrx_word' id='word_1_94' title='bbox 966 1908 1199 1984; x_wconf 73' lang='grc'>1111111111-</span> 
     </span>
     <span class='ocr_line' id='line_1_15' title="bbox 156 2007 1194 2104; baseline -0.006 -20"><span class='ocrx_word' id='word_1_95' title='bbox 156 2035 253 2084; x_wconf 83' lang='lat' dir='ltr'><strong>nrum</strong></span> <span class='ocrx_word' id='word_1_96' title='bbox 276 2007 390 2086; x_wconf 85' lang='lat' dir='ltr'><strong>adhuc</strong></span> <span class='ocrx_word' id='word_1_97' title='bbox 406 2010 553 2101; x_wconf 83' lang='lat' dir='ltr'><strong>pullum.</strong></span> <span class='ocrx_word' id='word_1_98' title='bbox 590 2009 654 2084; x_wconf 85' lang='lat' dir='ltr'>Sed</span> <span class='ocrx_word' id='word_1_99' title='bbox 668 2007 847 2104; x_wconf 78' lang='lat' dir='ltr'><strong>postquam</strong></span> <span class='ocrx_word' id='word_1_100' title='bbox 867 2011 1087 2094; x_wconf 84' lang='lat' dir='ltr'><strong>adoleverat,</strong></span> <span class='ocrx_word' id='word_1_101' title='bbox 1113 2027 1194 2082; x_wconf 83' lang='lat' dir='ltr'><strong>ten.</strong></span> 
     </span>
     <span class='ocr_line' id='line_1_16' title="bbox 154 2106 1195 2206; baseline -0.001 -21"><span class='ocrx_word' id='word_1_102' title='bbox 154 2111 251 2186; x_wconf 86' lang='lat' dir='ltr'><strong>tabat</strong></span> <span class='ocrx_word' id='word_1_103' title='bbox 263 2108 442 2206; x_wconf 88' lang='lat' dir='ltr'><strong>improbus</strong></span> <span class='ocrx_word' id='word_1_104' title='bbox 455 2113 509 2180; x_wconf 86' lang='lat' dir='ltr'><strong>vir</strong></span> <span class='ocrx_word' id='word_1_105' title='bbox 519 2127 661 2182; x_wconf 87' lang='lat' dir='ltr'><strong>matrem</strong></span> <span class='ocrx_word' id='word_1_106' title='bbox 678 2113 751 2182; x_wconf 87' lang='lat' dir='ltr'><strong>nati</strong></span> <span class='ocrx_word' id='word_1_107' title='bbox 764 2106 816 2181; x_wconf 81' lang='lat' dir='ltr'><strong>lui</strong></span> <span class='ocrx_word' id='word_1_108' title='bbox 827 2114 864 2182; x_wconf 91' lang='grc'><strong>11</strong></span> <span class='ocrx_word' id='word_1_109' title='bbox 884 2111 1101 2203; x_wconf 86' lang='lat' dir='ltr'><strong>complexum</strong></span> <span class='ocrx_word' id='word_1_110' title='bbox 1113 2115 1195 2184; x_wconf 81' lang='lat' dir='ltr'><strong>mit·</strong></span> 
     </span>
     <span class='ocr_line' id='line_1_17' title="bbox 154 2207 1196 2293; baseline -0.001 -8"><span class='ocrx_word' id='word_1_111' title='bbox 154 2229 241 2286; x_wconf 85' lang='lat' dir='ltr'><strong>tere.</strong></span> <span class='ocrx_word' id='word_1_112' title='bbox 276 2211 345 2282; x_wconf 86' lang='lat' dir='ltr'><strong>Eos</strong></span> <span class='ocrx_word' id='word_1_113' title='bbox 364 2231 448 2280; x_wconf 84' lang='lat' dir='ltr'><strong>vero</strong></span> <span class='ocrx_word' id='word_1_114' title='bbox 469 2208 532 2281; x_wconf 87' lang='lat' dir='ltr'><strong>ubi</strong></span> <span class='ocrx_word' id='word_1_115' title='bbox 559 2209 648 2281; x_wconf 86' lang='lat' dir='ltr'><strong>vidit</strong></span> <span class='ocrx_word' id='word_1_116' title='bbox 669 2207 864 2284; x_wconf 78' lang='lat' dir='ltr'><strong>recusantes</strong></span> <span class='ocrx_word' id='word_1_117' title='bbox 888 2207 1132 2293; x_wconf 68' lang='lat' dir='ltr'><strong>admissuram,</strong></span> <span class='ocrx_word' id='word_1_118' title='bbox 1160 2213 1196 2284; x_wconf 74' lang='lat' dir='ltr'><strong>bt</strong></span> 
     </span>
     <span class='ocr_line' id='line_1_18' title="bbox 155 2299 1263 2404; baseline -0.002 -19"><span class='ocrx_word' id='word_1_119' title='bbox 155 2299 297 2404; x_wconf 83' lang='lat' dir='ltr'><strong>nuptias</strong></span> <span class='ocrx_word' id='word_1_120' title='bbox 324 2303 478 2400; x_wconf 81' lang='lat' dir='ltr'><strong>utrisque</strong></span> <span class='ocrx_word' id='word_1_121' title='bbox 499 2308 732 2398; x_wconf 73' lang='lat' dir='ltr'><strong>interditias,</strong></span> <span class='ocrx_word' id='word_1_122' title='bbox 773 2310 885 2381; x_wconf 84' lang='grc'>1111111</span> <span class='ocrx_word' id='word_1_123' title='bbox 915 2310 1043 2380; x_wconf 86' lang='lat' dir='ltr'>deinde·</span> <span class='ocrx_word' id='word_1_124' title='bbox 1067 2309 1198 2382; x_wconf 83' lang='lat' dir='ltr'>nefaria</span> <span class='ocrx_word' id='word_1_125' title='bbox 1259 2363 1263 2383; x_wconf 79' lang='lat'><em>.</em></span> 
     </span>
     <span class='ocr_line' id='line_1_19' title="bbox 156 2404 1201 2503; baseline -0.004 -19"><span class='ocrx_word' id='word_1_126' title='bbox 156 2413 329 2490; x_wconf 85' lang='lat' dir='ltr'><strong>moliens,</strong></span> <span class='ocrx_word' id='word_1_127' title='bbox 349 2404 505 2479; x_wconf 85' lang='lat' dir='ltr'><strong>dolosum</strong></span> <span class='ocrx_word' id='word_1_128' title='bbox 527 2407 706 2480; x_wconf 79' lang='lat' dir='ltr'><strong>confilium</strong></span> <span class='ocrx_word' id='word_1_129' title='bbox 719 2410 873 2492; x_wconf 75' lang='lat' dir='ltr'>texebat,</span> <span class='ocrx_word' id='word_1_130' title='bbox 895 2407 1030 2503; x_wconf 79' lang='lat' dir='ltr'><strong>sperans</strong></span> <span class='ocrx_word' id='word_1_131' title='bbox 1047 2407 1079 2482; x_wconf 85' lang='lat' dir='ltr'>se</span> <span class='ocrx_word' id='word_1_132' title='bbox 1095 2435 1201 2482; x_wconf 88' lang='lat' dir='ltr'><strong>revo-</strong></span> 
     </span>
    </p>
   </div>
   <div class='ocr_carea' id='block_1_6' title="bbox 158 2505 1311 2602">
    <p class='ocr_par' dir='ltr' id='par_1_6' title="bbox 158 2505 1311 2602">
     <span class='ocr_line' id='line_1_20' title="bbox 158 2505 1311 2602; baseline -0.001 -19"><span class='ocrx_word' id='word_1_133' title='bbox 158 2529 318 2584; x_wconf 86' lang='lat' dir='ltr'><strong>caturum</strong></span> <span class='ocrx_word' id='word_1_134' title='bbox 333 2505 484 2580; x_wconf 84' lang='lat' dir='ltr'><strong>sobolem</strong></span> <span class='ocrx_word' id='word_1_135' title='bbox 504 2513 602 2602; x_wconf 85' lang='lat' dir='ltr'><strong>equis</strong></span> <span class='ocrx_word' id='word_1_136' title='bbox 615 2509 744 2580; x_wconf 85' lang='lat' dir='ltr'><strong>denuo.</strong></span> <span class='ocrx_word' id='word_1_137' title='bbox 764 2509 876 2582; x_wconf 75' lang='lat' dir='ltr'><strong>Ambo</strong></span> <span class='ocrx_word' id='word_1_138' title='bbox 891 2511 1029 2602; x_wconf 87' lang='lat' dir='ltr'><strong>quidem</strong></span> <span class='ocrx_word' id='word_1_139' title='bbox 1047 2508 1219 2602; x_wconf 74' lang='lat' dir='ltr'><strong>primum&#39;</strong></span> <span class='ocrx_word' id='word_1_140' title='bbox 1308 2556 1311 2561; x_wconf 85' lang='lat'><em>-</em></span> 
     </span>
    </p>
   </div>
   <div class='ocr_carea' id='block_1_7' title="bbox 83 2606 1293 4400">
    <p class='ocr_par' dir='ltr' id='par_1_7' title="bbox 83 2606 1293 3502">
     <span class='ocr_line' id='line_1_21' title="bbox 159 2606 1200 2697; baseline -0.003 -13"><span class='ocrx_word' id='word_1_141' title='bbox 159 2609 342 2695; x_wconf 77' lang='lat' dir='ltr'><strong>obvolvit,</strong></span> <span class='ocrx_word' id='word_1_142' title='bbox 364 2609 467 2680; x_wconf 79' lang='lat' dir='ltr'><strong>altius</strong></span> <span class='ocrx_word' id='word_1_143' title='bbox 485 2610 584 2682; x_wconf 92' lang='lat' dir='ltr'><strong>dolos</strong></span> <span class='ocrx_word' id='word_1_144' title='bbox 603 2606 763 2690; x_wconf 75' lang='lat' dir='ltr'>versane,</span> <span class='ocrx_word' id='word_1_145' title='bbox 786 2611 855 2680; x_wconf 90' lang='lat' dir='ltr'><strong>alio</strong></span> <span class='ocrx_word' id='word_1_146' title='bbox 868 2613 984 2697; x_wconf 90' lang='lat' dir='ltr'><strong>corio,</strong></span> <span class='ocrx_word' id='word_1_147' title='bbox 1000 2609 1126 2684; x_wconf 88' lang='lat' dir='ltr'>deinde</span> <span class='ocrx_word' id='word_1_148' title='bbox 1140 2634 1200 2681; x_wconf 79' lang='lat' dir='ltr'>ve-</span> 
     </span>
     <span class='ocr_line' id='line_1_22' title="bbox 157 2707 1274 2804; baseline -0.008 -21"><span class='ocrx_word' id='word_1_149' title='bbox 157 2736 198 2784; x_wconf 85' lang='lat' dir='ltr'><strong>ro</strong></span> <span class='ocrx_word' id='word_1_150' title='bbox 224 2710 388 2804; x_wconf 80' lang='lat' dir='ltr'><strong>perungit</strong></span> <span class='ocrx_word' id='word_1_151' title='bbox 410 2714 591 2801; x_wconf 79' lang='lat' dir='ltr'><strong>unguento</strong></span> <span class='ocrx_word' id='word_1_152' title='bbox 620 2727 736 2782; x_wconf 87' lang='lat' dir='ltr'><strong>totum</strong></span> <span class='ocrx_word' id='word_1_153' title='bbox 763 2733 887 2802; x_wconf 89' lang='lat' dir='ltr'><strong>corpus</strong></span> <span class='ocrx_word' id='word_1_154' title='bbox 914 2710 1089 2797; x_wconf 86' lang='lat' dir='ltr'><strong>odorato,</strong></span> <span class='ocrx_word' id='word_1_155' title='bbox 1128 2707 1201 2780; x_wconf 85' lang='lat' dir='ltr'><strong>fro.</strong></span> <span class='ocrx_word' id='word_1_156' title='bbox 1271 2763 1274 2766; x_wconf 87' lang='lat'><strong>.</strong></span> 
     </span>
     <span class='ocr_line' id='line_1_23' title="bbox 158 2805 1201 2908; baseline -0.006 -22"><span class='ocrx_word' id='word_1_157' title='bbox 158 2827 294 2908; x_wconf 77' lang='lat' dir='ltr'><strong>grente.</strong></span> <span class='ocrx_word' id='word_1_158' title='bbox 322 2805 477 2900; x_wconf 80' lang='lat' dir='ltr'><strong>sperabat</strong></span> <span class='ocrx_word' id='word_1_159' title='bbox 486 2809 732 2882; x_wconf 88' lang='lat' dir='ltr'><strong>enimodorem</strong></span> <span class='ocrx_word' id='word_1_160' title='bbox 742 2812 975 2902; x_wconf 85' lang='lat' dir='ltr'><strong>antiquiorem</strong></span> <span class='ocrx_word' id='word_1_161' title='bbox 995 2805 1028 2879; x_wconf 88' lang='lat' dir='ltr'>se</span> <span class='ocrx_word' id='word_1_162' title='bbox 1038 2808 1201 2883; x_wconf 87' lang='lat' dir='ltr'><strong>oblitera-</strong></span> 
     </span>
     <span class='ocr_line' id='line_1_24' title="bbox 83 2906 1198 2999; baseline 0.002 -21"><span class='ocrx_word' id='word_1_163' title='bbox 83 2965 85 2978; x_wconf 76' lang='grc'>,</span> <span class='ocrx_word' id='word_1_164' title='bbox 158 2933 278 2986; x_wconf 71' lang='lat' dir='ltr'><strong>norum</strong></span> <span class='ocrx_word' id='word_1_165' title='bbox 293 2907 475 2999; x_wconf 82' lang='lat' dir='ltr'><strong>cupidine:</strong></span> <span class='ocrx_word' id='word_1_166' title='bbox 503 2933 543 2980; x_wconf 85' lang='lat' dir='ltr'><strong>ac</strong></span> <span class='ocrx_word' id='word_1_167' title='bbox 559 2906 692 2991; x_wconf 80' lang='lat' dir='ltr'><strong>fefellit,</strong></span> <span class='ocrx_word' id='word_1_168' title='bbox 706 2908 765 2990; x_wconf 86' lang='lat' dir='ltr'><strong>dii,</strong></span> <span class='ocrx_word' id='word_1_169' title='bbox 777 2909 921 2979; x_wconf 86' lang='lat' dir='ltr'>vestram</span> <span class='ocrx_word' id='word_1_170' title='bbox 941 2907 1057 2990; x_wconf 85' lang='lat' dir='ltr'>fidem,</span> <span class='ocrx_word' id='word_1_171' title='bbox 1068 2908 1198 2982; x_wconf 79' lang='lat' dir='ltr'><strong>faciens</strong></span> 
     </span>
     <span class='ocr_line' id='line_1_25' title="bbox 159 3006 1293 3100; baseline -0.007 -16"><span class='ocrx_word' id='word_1_172' title='bbox 159 3012 323 3084; x_wconf 75' lang='lat' dir='ltr'><strong>scelerate</strong></span> <span class='ocrx_word' id='word_1_173' title='bbox 341 3010 372 3079; x_wconf 77' lang='grc'><strong>81</strong></span> <span class='ocrx_word' id='word_1_174' title='bbox 391 3026 591 3100; x_wconf 74' lang='lat' dir='ltr'><strong>perpetratae</strong></span> <span class='ocrx_word' id='word_1_175' title='bbox 606 3006 687 3082; x_wconf 89' lang='lat' dir='ltr'><strong>sunt</strong></span> <span class='ocrx_word' id='word_1_176' title='bbox 705 3032 907 3080; x_wconf 84' lang='lat' dir='ltr'><strong>communes</strong></span> <span class='ocrx_word' id='word_1_177' title='bbox 923 3009 1121 3081; x_wconf 70' lang='lat' dir='ltr'>execrandae</span> <span class='ocrx_word' id='word_1_178' title='bbox 1136 3034 1203 3082; x_wconf 88' lang='lat' dir='ltr'><strong>nu·</strong></span> <span class='ocrx_word' id='word_1_179' title='bbox 1289 3068 1293 3076; x_wconf 85' lang='lat'><strong>.</strong></span> 
     </span>
     <span class='ocr_line' id='line_1_26' title="bbox 158 3105 1201 3208; baseline -0.001 -26"><span class='ocrx_word' id='word_1_180' title='bbox 158 3115 268 3208; x_wconf 72' lang='lat' dir='ltr'><strong>ptine,</strong></span> <span class='ocrx_word' id='word_1_181' title='bbox 306 3105 514 3180; x_wconf 78' lang='lat' dir='ltr'><strong>invilrffunae</strong></span> <span class='ocrx_word' id='word_1_182' title='bbox 540 3113 665 3200; x_wconf 88' lang='lat' dir='ltr'><strong>equis,</strong></span> <span class='ocrx_word' id='word_1_183' title='bbox 702 3107 895 3200; x_wconf 81' lang='lat' dir='ltr'><strong>cujusmodi</strong></span> <span class='ocrx_word' id='word_1_184' title='bbox 924 3110 1013 3202; x_wconf 90' lang='lat' dir='ltr'><strong>apud</strong></span> <span class='ocrx_word' id='word_1_185' title='bbox 1039 3108 1201 3182; x_wconf 85' lang='lat' dir='ltr'><strong>homines</strong></span> 
     </span>
     <span class='ocr_line' id='line_1_27' title="bbox 161 3203 1202 3303; baseline -0.003 -18"><span class='ocrx_word' id='word_1_186' title='bbox 161 3212 348 3285; x_wconf 59' lang='lat' dir='ltr'><strong>contratiae</strong></span> <span class='ocrx_word' id='word_1_187' title='bbox 369 3203 449 3278; x_wconf 89' lang='lat' dir='ltr'><strong>sunt</strong></span> <span class='ocrx_word' id='word_1_188' title='bbox 466 3208 552 3279; x_wconf 88' lang='lat' dir='ltr'><strong>olim</strong></span> <span class='ocrx_word' id='word_1_189' title='bbox 572 3208 902 3303; x_wconf 13' lang='lat' dir='ltr'><strong>Thebanaennuptiae</strong></span> <span class='ocrx_word' id='word_1_190' title='bbox 926 3209 1073 3282; x_wconf 74' lang='lat' dir='ltr'>incestae</span> <span class='ocrx_word' id='word_1_191' title='bbox 1085 3207 1202 3282; x_wconf 88' lang='lat' dir='ltr'><strong>miseri</strong></span> 
     </span>
     <span class='ocr_line' id='line_1_28' title="bbox 162 3305 1202 3402; baseline -0.007 -16"><span class='ocrx_word' id='word_1_192' title='bbox 162 3311 299 3402; x_wconf 86' lang='lat' dir='ltr'><strong>OEdipi.</strong></span> <span class='ocrx_word' id='word_1_193' title='bbox 338 3305 393 3378; x_wconf 89' lang='lat' dir='ltr'><strong>Illi</strong></span> <span class='ocrx_word' id='word_1_194' title='bbox 408 3325 527 3381; x_wconf 87' lang='lat' dir='ltr'><strong>autem</strong></span> <span class='ocrx_word' id='word_1_195' title='bbox 548 3309 611 3380; x_wconf 89' lang='lat' dir='ltr'><strong>ubi</strong></span> <span class='ocrx_word' id='word_1_196' title='bbox 632 3306 752 3379; x_wconf 85' lang='lat' dir='ltr'><strong>nudati</strong></span> <span class='ocrx_word' id='word_1_197' title='bbox 770 3305 870 3380; x_wconf 88' lang='lat' dir='ltr'><strong>suum</strong></span> <span class='ocrx_word' id='word_1_198' title='bbox 885 3306 999 3381; x_wconf 85' lang='lat' dir='ltr'><strong>¹scelus</strong></span> <span class='ocrx_word' id='word_1_199' title='bbox 1023 3310 1202 3381; x_wconf 72' lang='lat' dir='ltr'><strong>intellexe·</strong></span> 
     </span>
     <span class='ocr_line' id='line_1_29' title="bbox 160 3405 1204 3502; baseline 0.004 -24"><span class='ocrx_word' id='word_1_200' title='bbox 160 3429 265 3492; x_wconf 77' lang='lat' dir='ltr'><strong>runt,</strong></span> <span class='ocrx_word' id='word_1_201' title='bbox 287 3406 441 3497; x_wconf 82' lang='lat' dir='ltr'><strong>obliquis</strong></span> <span class='ocrx_word' id='word_1_202' title='bbox 454 3431 537 3479; x_wconf 89' lang='lat' dir='ltr'><strong>vero</strong></span> <span class='ocrx_word' id='word_1_203' title='bbox 550 3405 755 3501; x_wconf 75' lang='lat' dir='ltr'><strong>aspexerunt</strong></span> <span class='ocrx_word' id='word_1_204' title='bbox 773 3409 885 3481; x_wconf 86' lang='lat' dir='ltr'><strong>tristes</strong></span> <span class='ocrx_word' id='word_1_205' title='bbox 901 3413 1026 3490; x_wconf 88' lang='lat' dir='ltr'><strong>oculis,</strong></span> <span class='ocrx_word' id='word_1_206' title='bbox 1057 3411 1114 3481; x_wconf 89' lang='grc'>1111</span> <span class='ocrx_word' id='word_1_207' title='bbox 1125 3434 1204 3502; x_wconf 86' lang='lat' dir='ltr'><strong>qur</strong></span> 
     </span>
    </p>

    <p class='ocr_par' dir='ltr' id='par_1_8' title="bbox 162 3503 1203 3593">
     <span class='ocr_line' id='line_1_30' title="bbox 162 3503 1203 3593; baseline -0.003 -9"><span class='ocrx_word' id='word_1_208' title='bbox 162 3514 243 3584; x_wconf 87' lang='lat' dir='ltr'>dem</span> <span class='ocrx_word' id='word_1_209' title='bbox 261 3503 381 3580; x_wconf 86' lang='lat' dir='ltr'>misera</span> <span class='ocrx_word' id='word_1_210' title='bbox 398 3525 519 3580; x_wconf 83' lang='lat' dir='ltr'><strong>natum</strong></span> <span class='ocrx_word' id='word_1_211' title='bbox 534 3533 608 3582; x_wconf 89' lang='lat' dir='ltr'><strong>non</strong></span> <span class='ocrx_word' id='word_1_212' title='bbox 625 3527 764 3593; x_wconf 86' lang='lat' dir='ltr'><strong>natum,</strong></span> <span class='ocrx_word' id='word_1_213' title='bbox 803 3511 861 3580; x_wconf 87' lang='lat' dir='ltr'><strong>ille</strong></span> <span class='ocrx_word' id='word_1_214' title='bbox 875 3533 960 3580; x_wconf 88' lang='lat' dir='ltr'><strong>vero</strong></span> <span class='ocrx_word' id='word_1_215' title='bbox 978 3506 1078 3580; x_wconf 85' lang='lat' dir='ltr'><strong>miset</strong></span> <span class='ocrx_word' id='word_1_216' title='bbox 1097 3513 1203 3581; x_wconf 88' lang='lat' dir='ltr'><strong>mari</strong></span> 
     </span>
    </p>

    <p class='ocr_par' dir='ltr' id='par_1_9' title="bbox 163 3605 1202 3800">
     <span class='ocr_line' id='line_1_31' title="bbox 163 3605 1202 3700; baseline 0.001 -21"><span class='ocrx_word' id='word_1_217' title='bbox 163 3632 243 3698; x_wconf 69' lang='lat' dir='ltr'><strong>nos,</strong></span> <span class='ocrx_word' id='word_1_218' title='bbox 279 3605 417 3679; x_wconf 90' lang='lat' dir='ltr'><strong>incesto</strong></span> <span class='ocrx_word' id='word_1_219' title='bbox 433 3608 599 3700; x_wconf 89' lang='lat' dir='ltr'><strong>pollutus</strong></span> <span class='ocrx_word' id='word_1_220' title='bbox 614 3607 740 3690; x_wconf 85' lang='lat' dir='ltr'><strong>cubili,</strong></span> <span class='ocrx_word' id='word_1_221' title='bbox 768 3627 913 3680; x_wconf 83' lang='lat' dir='ltr'><strong>matrem</strong></span> <span class='ocrx_word' id='word_1_222' title='bbox 938 3633 1011 3679; x_wconf 87' lang='lat' dir='ltr'><strong>non</strong></span> <span class='ocrx_word' id='word_1_223' title='bbox 1031 3626 1202 3692; x_wconf 80' lang='lat' dir='ltr'><strong>matrem,</strong></span> 
     </span>
     <span class='ocr_line' id='line_1_32' title="bbox 163 3705 1205 3800; baseline -0.001 -17"><span class='ocrx_word' id='word_1_224' title='bbox 163 3712 363 3788; x_wconf 83' lang='lat' dir='ltr'><strong>infelicem,</strong></span> <span class='ocrx_word' id='word_1_225' title='bbox 393 3709 459 3778; x_wconf 88' lang='lat' dir='ltr'><strong>alte</strong></span> <span class='ocrx_word' id='word_1_226' title='bbox 482 3705 558 3779; x_wconf 83' lang='lat' dir='ltr'>sane</span> <span class='ocrx_word' id='word_1_227' title='bbox 577 3705 609 3781; x_wconf 82' lang='lat' dir='ltr'><strong>le</strong></span> <span class='ocrx_word' id='word_1_228' title='bbox 628 3729 833 3778; x_wconf 78' lang='lat' dir='ltr'><strong>arrexerunt</strong></span> <span class='ocrx_word' id='word_1_229' title='bbox 853 3707 1113 3800; x_wconf 85' lang='lat' dir='ltr'><strong>implacabiliter</strong></span> <span class='ocrx_word' id='word_1_230' title='bbox 1134 3706 1205 3782; x_wconf 83' lang='lat' dir='ltr'><strong>fre·</strong></span> 
     </span>
    </p>

    <p class='ocr_par' dir='ltr' id='par_1_10' title="bbox 83 3805 1286 4400">
     <span class='ocr_line' id='line_1_33' title="bbox 164 3805 1204 3906; baseline -0.003 -23"><span class='ocrx_word' id='word_1_231' title='bbox 164 3828 329 3888; x_wconf 89' lang='lat' dir='ltr'><strong>mentes,</strong></span> <span class='ocrx_word' id='word_1_232' title='bbox 364 3805 578 3906; x_wconf 84' lang='lat' dir='ltr'><strong>vinculisque</strong></span> <span class='ocrx_word' id='word_1_233' title='bbox 604 3812 715 3898; x_wconf 86' lang='lat' dir='ltr'><strong>ruptis</strong></span> <span class='ocrx_word' id='word_1_234' title='bbox 740 3807 837 3879; x_wconf 84' lang='lat' dir='ltr'><strong>ibant</strong></span> <span class='ocrx_word' id='word_1_235' title='bbox 868 3810 955 3879; x_wconf 84' lang='lat' dir='ltr'><strong>clare</strong></span> <span class='ocrx_word' id='word_1_236' title='bbox 981 3808 1204 3892; x_wconf 85' lang='lat' dir='ltr'><strong>hinnientes,</strong></span> 
     </span>
     <span class='ocr_line' id='line_1_34' title="bbox 164 3898 1209 4000; baseline -0.001 -19"><span class='ocrx_word' id='word_1_237' title='bbox 164 3911 278 3982; x_wconf 81' lang='lat' dir='ltr'><strong>velutr</strong></span> <span class='ocrx_word' id='word_1_238' title='bbox 286 3906 367 3977; x_wconf 77' lang='lat' dir='ltr'><strong>deos</strong></span> <span class='ocrx_word' id='word_1_239' title='bbox 380 3898 497 3977; x_wconf 72' lang='grc'>1111111</span> <span class='ocrx_word' id='word_1_240' title='bbox 516 3907 723 3978; x_wconf 87' lang='lat' dir='ltr'><strong>antestantes</strong></span> <span class='ocrx_word' id='word_1_241' title='bbox 740 3903 891 3990; x_wconf 80' lang='lat' dir='ltr'><strong>sceleris,</strong></span> <span class='ocrx_word' id='word_1_242' title='bbox 918 3901 1209 4000; x_wconf 73' lang='lat' dir='ltr'><strong>dirafiqpeimpre·</strong></span> 
     </span>
     <span class='ocr_line' id='line_1_35' title="bbox 83 3999 1246 4100; baseline 0.007 -29"><span class='ocrx_word' id='word_1_243' title='bbox 83 4025 84 4071; x_wconf 85' lang='lat'>1</span> <span class='ocrx_word' id='word_1_244' title='bbox 166 4028 284 4084; x_wconf 81' lang='lat' dir='ltr'><strong>cantes</strong></span> <span class='ocrx_word' id='word_1_245' title='bbox 303 3999 496 4098; x_wconf 82' lang='lat' dir='ltr'><strong>pernicioso</strong></span> <span class='ocrx_word' id='word_1_246' title='bbox 517 4007 690 4099; x_wconf 89' lang='lat' dir='ltr'><strong>pronubo</strong></span> <span class='ocrx_word' id='word_1_247' title='bbox 727 4007 884 4078; x_wconf 84' lang='lat' dir='ltr'>Tandem</span> <span class='ocrx_word' id='word_1_248' title='bbox 900 4027 1016 4080; x_wconf 83' lang='lat' dir='ltr'><strong>autem</strong></span> <span class='ocrx_word' id='word_1_249' title='bbox 1035 4005 1246 4100; x_wconf 63' lang='lat' dir='ltr'><strong>lugentess</strong></span> 
     </span>
     <span class='ocr_line' id='line_1_36' title="bbox 83 4099 1205 4205; baseline 0.003 -29"><span class='ocrx_word' id='word_1_250' title='bbox 83 4173 84 4176; x_wconf 74' lang='grc'>,</span> <span class='ocrx_word' id='word_1_251' title='bbox 164 4111 295 4205; x_wconf 74' lang='lat' dir='ltr'><strong>que&amp;</strong></span> <span class='ocrx_word' id='word_1_252' title='bbox 262 4099 511 4178; x_wconf 84' lang='lat' dir='ltr'><strong>&amp;effrenato</strong></span> <span class='ocrx_word' id='word_1_253' title='bbox 502 4125 632 4200; x_wconf 85' lang='lat' dir='ltr'><strong>nnpetu</strong></span> <span class='ocrx_word' id='word_1_254' title='bbox 652 4125 804 4188; x_wconf 82' lang='lat' dir='ltr'><strong>ruentes,</strong></span> <span class='ocrx_word' id='word_1_255' title='bbox 823 4107 890 4177; x_wconf 77' lang='lat' dir='ltr'><strong>ads</strong></span> <span class='ocrx_word' id='word_1_256' title='bbox 891 4106 952 4178; x_wconf 84' lang='lat' dir='ltr'><strong>ers</strong></span> <span class='ocrx_word' id='word_1_257' title='bbox 942 4133 971 4178; x_wconf 91' lang='lat' dir='ltr'><strong>s</strong></span> <span class='ocrx_word' id='word_1_258' title='bbox 990 4103 1205 4198; x_wconf 79' lang='lat' dir='ltr'><strong>scopulissua</strong></span> 
     </span>
     <span class='ocr_line' id='line_1_37' title="bbox 83 4203 1286 4302; baseline -0.002 -22"><span class='ocrx_word' id='word_1_259' title='bbox 83 4290 84 4293; x_wconf 8' lang='grc' dir='ltr'><strong>Ἴ</strong></span> <span class='ocrx_word' id='word_1_260' title='bbox 165 4203 1124 4302; x_wconf 65' lang='grc'>111111111111111111111011111111111111·1111111111</span> <span class='ocrx_word' id='word_1_261' title='bbox 1148 4205 1203 4277; x_wconf 91' lang='lat' dir='ltr'><strong>vi</strong></span> <span class='ocrx_word' id='word_1_262' title='bbox 1283 4259 1286 4263; x_wconf 84' lang='lat'>-</span> 
     </span>
     <span class='ocr_line' id='line_1_38' title="bbox 84 4303 1203 4400; baseline 0.003 -24"><span class='ocrx_word' id='word_1_263' title='bbox 84 4337 88 4344; x_wconf 96' lang='lat'>·</span> <span class='ocrx_word' id='word_1_264' title='bbox 164 4332 236 4384; x_wconf 83' lang='lat' dir='ltr'><strong>tam</strong></span> <span class='ocrx_word' id='word_1_265' title='bbox 257 4313 505 4400; x_wconf 83' lang='lat' dir='ltr'><strong>peremerunt,</strong></span> <span class='ocrx_word' id='word_1_266' title='bbox 534 4303 601 4377; x_wconf 87' lang='lat' dir='ltr'><strong>suae</strong></span> <span class='ocrx_word' id='word_1_267' title='bbox 619 4305 681 4378; x_wconf 81' lang='lat' dir='ltr'><strong>fibi</strong></span> <span class='ocrx_word' id='word_1_268' title='bbox 700 4308 791 4376; x_wconf 88' lang='lat' dir='ltr'><strong>necis</strong></span> <span class='ocrx_word' id='word_1_269' title='bbox 816 4309 990 4386; x_wconf 72' lang='lat' dir='ltr'><strong>auctores,</strong></span> <span class='ocrx_word' id='word_1_270' title='bbox 1029 4307 1203 4390; x_wconf 81' lang='lat' dir='ltr'><strong>inclinatis</strong></span> 
     </span>
    </p>
   </div>
   <div class='ocr_carea' id='block_1_8' title="bbox 165 4403 1326 4502">
    <p class='ocr_par' dir='ltr' id='par_1_11' title="bbox 165 4403 1326 4502">
     <span class='ocr_line' id='line_1_39' title="bbox 165 4403 1326 4502; baseline -0.003 -19"><span class='ocrx_word' id='word_1_271' title='bbox 165 4411 285 4483; x_wconf 80' lang='lat' dir='ltr'><strong>alter</strong></span> <span class='ocrx_word' id='word_1_272' title='bbox 275 4429 313 4478; x_wconf 88' lang='grc'><strong>11</strong></span> <span class='ocrx_word' id='word_1_273' title='bbox 334 4404 480 4492; x_wconf 77' lang='lat' dir='ltr'><strong>alterurn</strong></span> <span class='ocrx_word' id='word_1_274' title='bbox 508 4409 626 4498; x_wconf 86' lang='lat' dir='ltr'><strong>capite</strong></span> <span class='ocrx_word' id='word_1_275' title='bbox 653 4407 711 4479; x_wconf 84' lang='lat' dir='ltr'><strong>Sic</strong></span> <span class='ocrx_word' id='word_1_276' title='bbox 728 4403 818 4476; x_wconf 78' lang='lat' dir='ltr'><strong>lanta</strong></span> <span class='ocrx_word' id='word_1_277' title='bbox 834 4422 936 4478; x_wconf 75' lang='lat' dir='ltr'><strong>vetus</strong></span> <span class='ocrx_word' id='word_1_278' title='bbox 949 4407 1095 4496; x_wconf 81' lang='lat' dir='ltr'><strong>gloriam</strong></span> <span class='ocrx_word' id='word_1_279' title='bbox 1106 4408 1208 4502; x_wconf 79' lang='lat' dir='ltr'><strong>equis</strong></span> <span class='ocrx_word' id='word_1_280' title='bbox 1324 4474 1326 4487; x_wconf 89' lang='grc'>,</span> 
     </span>
    </p>
   </div>
   <div class='ocr_carea' id='block_1_9' title="bbox 83 4501 959 4606">
    <p class='ocr_par' dir='ltr' id='par_1_12' title="bbox 83 4501 959 4606">
     <span class='ocr_line' id='line_1_40' title="bbox 83 4501 959 4606; baseline 0.01 -37"><span class='ocrx_word' id='word_1_281' title='bbox 83 4547 84 4569; x_wconf 66' lang='lat'><em>2</em></span> <span class='ocrx_word' id='word_1_282' title='bbox 164 4529 330 4606; x_wconf 76' lang='lat' dir='ltr'>magnam</span> <span class='ocrx_word' id='word_1_283' title='bbox 346 4501 519 4598; x_wconf 84' lang='lat' dir='ltr'><strong>praedicat.</strong></span> <span class='ocrx_word' id='word_1_284' title='bbox 729 4533 730 4536; x_wconf 44' lang='lat'>¹</span> <span class='ocrx_word' id='word_1_285' title='bbox 890 4502 959 4578; x_wconf 78' lang='lat' dir='ltr'><strong>Dc</strong></span> 
     </span>
    </p>
   </div>
   <div class='ocr_carea' id='block_1_10' title="bbox 0 0 1620 5434">
    <p class='ocr_par' dir='ltr' id='par_1_13' title="bbox 0 0 1620 5434">
     <span class='ocr_line' id='line_1_41' title="bbox 0 0 1620 5434; baseline 0 0"><span class='ocrx_word' id='word_1_286' title='bbox 0 0 1620 5434; x_wconf 95' lang='lat' dir='ltr'><strong> </strong></span> 
     </span>
    </p>
   </div>
  </div>
 </body>
</html>
