3175 5434
533 519 738 583 tumui
761 521 885 584 uro.
1146 503 1222 592 xix

181 641 282 706 mutila
296 642 328 703 in
343 643 453 706 codice
472 607 730 708 erdlaredicitura
745 649 924 724 lambecio,
955 649 1038 712 unde
1054 651 1119 713 satis
1140 671 1223 732 aper.

86 789 88 802 .
182 755 247 805 tum
261 745 317 808 elle
329 748 469 824 videtur,
497 749 591 829 ipsum
608 752 696 813 etiarn
714 751 904 829 Paraphrastae
928 771 1040 816 nomen
1057 756 1090 816 in
1110 756 1222 821 Codice

85 833 87 866 r
183 851 295 924 omitti,
322 853 406 931 quod
428 853 466 914 de
491 873 585 932 greca
606 839 854 934 Cynegeticorum
870 857 1033 934 Paraphrasr
1054 859 1094 920 ad
1118 863 1222 941 margi-

180 971 252 1014 nem
271 955 383 1016 codicis
396 954 528 1018 Medicei
538 957 590 1019 111.
614 957 689 1020 Plut.
702 960 803 1022 XXX
824 959 930 1038 scripta
945 961 1069 1023 affirmat
1085 965 1222 1026 Bundini

178 1059 213 1118 iu
228 1056 371 1137 Catalogo
390 1055 588 1146 BibliotheQ
602 1063 685 1125 Laut.
701 1063 847 1128 Mediceae
863 1065 900 1126 Τ.
909 1063 948 1126 11.
970 1084 1000 1143 p.
1011 1085 1060 1143 ῃ.
1088 1065 1141 1128 ubi
1161 1066 1221 1129 hoc

169 1164 246 1237 -ejus
273 1165 392 1225 initium
419 1165 532 1227 refert:
579 1171 625 1227 Σοὶ
649 1165 696 1236 erle
719 1173 774 1243 arpi
800 1171 951 1235 κυνηγεσίων
981 1169 1118 1239 diocliam
1142 1169 1223 1240 nitur

171 1267 299 1329 buiriis
314 1271 568 1336 parturitionis.
608 1267 725 1332 Deinde
740 1272 828 1348 ponit
840 1273 908 1334 otto
920 1271 1019 1335 versus
1031 1275 1176 1350 iambicos
1189 1275 1222 1336 in

180 1390 248 1433 eam
260 1371 450 1449 Paraphraiin
461 1371 602 1451 scriptos,
632 1393 705 1452 quos
718 1375 809 1436 etiam
836 1375 1011 1438 doudecim
1033 1375 1114 1439 nulla
1134 1379 1222 1440 metri

84 1477 87 1546 J
180 1477 296 1538 ratione
320 1475 420 1536 habita
443 1477 593 1553 prodidit;
620 1477 714 1539 statim
737 1477 895 1555 sequuntur
909 1480 942 1541 in
955 1480 1061 1543 codice
1079 1480 1221 1542 Mediceo

181 1579 280 1643 versus
299 1579 463 1641 hexametri
475 1579 538 1655 sex,
561 1581 593 1641 in
609 1581 705 1660 ipsum
728 1581 898 1658 Oppianum
912 1581 1028 1662 scripti,
1052 1583 1141 1662 plane
1157 1585 1222 1647 bar·
1285 1664 1288 1670 Ι

181 1683 244 1746 bari
259 1687 289 1745 dc
304 1679 414 1760 inepti,
438 1704 510 1761 quos
527 1705 589 1746 non
602 1688 712 1765 magis,
741 1704 830 1764 quam
850 1684 956 1748 alteros
976 1689 1142 1764 iambicos,
1172 1691 1222 1767 qui

172 1787 241 1850 -huc
262 1787 443 1862 referantur,
466 1789 569 1868 dignos
587 1790 701 1852 censeo.
742 1789 876 1868 Denique
888 1810 926 1854 ex
946 1792 1099 1868 iisverbis‚
1118 1793 1222 1871 quibus

181 1893 327 1956 librorum
347 1893 386 1954 de
398 1892 562 1955 Venatione
581 1892 758 1972 Paraphrairs
779 1915 872 1974 graeca
891 1895 923 1956 in
946 1908 1072 1982 utroque
1099 1898 1222 1973 codice,

183 1996 324 2060 Mediceo
341 1994 453 2058 scilicet
467 1998 742 2071 &vindobonens1,
765 1997 928 2074 clauditur,
949 1999 1016 2062 satis
1030 2013 1168 2078 apparet,
1189 2002 1223 2062 id

184 2101 265 2178 quod
290 2102 352 2175 jam
374 2099 406 2159 in
434 2103 624 2163 annotatione
649 2101 689 2161 ad
717 2100 808 2163 linem
836 2103 1082 2183 Cynegeticorum
1102 2107 1223 2178 monui,

184 2206 388 2284 imperfectam
405 2223 471 2266 eam
485 2201 541 2266 elle
560 2207 588 2266 dc
605 2206 756 2280 mutilam,
781 2209 919 2283 quoniam
944 2209 1021 2269 intra
1040 2208 1132 2271 finem
1156 2207 1225 2270 libri

184 2311 296 2387 quarti,
320 2307 413 2386 qualis
427 2306 517 2370 hodie
532 2308 636 2382 exstat,
658 2307 785 2371 subsistit.
825 2312 1002 2374 Lumbetirrs
1021 2311 1111 2374 alium
1134 2315 1224 2375 etiam

124 2419 128 2422 ’
183 2411 372 2477 bibliothecas
388 2410 621 2473 vindobonensis
638 2413 774 2474 codicem
789 2427 950 2489 memorat,
979 2417 1030 2493 qui
1047 2415 1119 2476 olim
1145 2417 1220 2488 Jolr.

184 2518 353 2597 Brafficani
371 2515 484 2591 fuerat,
507 2528 594 2594 atque
609 2518 641 2577 in
658 2535 694 2578 eo
711 2529 817 2594 prater
830 2518 959 2596 Oppiani
970 2523 1108 2596 poemata
1121 2520 1162 2580 ait
1175 2538 1225 2581 ex-

81 2641 83 2696 ,
182 2623 254 2686 liare
269 2620 380 2684 scholia
394 2638 487 2698 gtaeca
503 2621 622 2695 inedita,
632 2622 739 2697 partim
753 2621 785 2680 in
802 2623 949 2699 margine,
970 2622 1027 2684 alia
1042 2621 1225 2685 interversus

81 2733 83 2802 ξ
183 2728 310 2806 scripta,
333 2724 387 2787 ubi
400 2725 431 2784 in
448 2724 507 2785 fine
521 2724 587 2786 libri
600 2727 687 2804 primi
704 2723 841 2785 laudetur
851 2725 1009 2802 Theffulus
1025 2725 1224 2815 Physrologus,

81 2813 83 2872 l
185 2830 368 2910 cognomine
380 2826 580 2890 scholasticus.
619 2829 769 2906 Quoniam
786 2846 858 2888 vero
879 2828 912 2887 in
931 2847 968 2889 eo
988 2828 1093 2890 codice
1118 2829 1224 2891 eadem

81 2929 82 2986 ὲ
183 2933 322 2999 Eutecnii
339 2931 490 3011 prefatio,
513 2951 601 3010 quam
619 2932 704 3010 lupra
723 2951 760 2994 ex
777 2927 939 2993 Lambecio
959 2935 988 2994 dc
1004 2933 1228 2996 Bondiniome-

81 3111 82 3114 Ἴ
183 3039 380 3111 moravimus,
405 3036 588 3114 Cynegeticis
603 3035 718 3114 prefixa
739 3034 869 3114 legitur,
901 3037 972 3098 inde
988 3038 1032 3098 vir
1050 3037 1229 3101 doctiffimus

185 3143 318 3207 eundem
351 3139 531 3202 scholiorum
555 3159 716 3218 gracorum
744 3143 772 3202 dt
795 3140 973 3218 prelationis
992 3139 1048 3202 elle
1072 3155 1226 3216 autorem,

184 3248 365 3311 Eutecnium
383 3263 515 3323 nempe,
546 3243 763 3322 suspicabatur3
794 3245 875 3321 quod
908 3257 1008 3306 tamen
1033 3246 1072 3307 de
1094 3246 1228 3310 universa

185 3351 235 3414 illa
251 3349 433 3414 scholiorum
446 3350 592 3427 farragine
615 3349 812 3426 pronunciare
833 3367 895 3409 non
915 3349 1021 3410 audeo.
1064 3348 1175 3413 Saltem
1196 3353 1229 3412 in

178 3455 262 3520 *libro
280 3455 376 3534 Regio
392 3471 488 3530 2735,
521 3455 571 3531 qui
593 3454 697 3516 eadem
720 3451 830 3515 scholia
855 3472 924 3515 cum
950 3454 1055 3516 codice
1074 3454 1230 3517 Brallrcani

175 3559 297 3624 -habere
310 3559 444 3633 videtur,
466 3557 643 3637 reperiJoh.
670 3559 791 3626 Taetzae
803 3557 901 3620 versus
917 3558 1031 3619 rubrica
1050 3560 1082 3619 in
1099 3561 1230 3638 margine

183 3669 265 3728 inter
281 3663 510 3742 scholialgraeca
534 3661 672 3741 scriptos,
702 3661 806 3740 quibus
829 3663 964 3740 ineptum
986 3657 1230 3742 etymologiarum

89 3841 95 3844 ,
177 3770 336 3843 liudium,
359 3787 418 3846 quo
436 3780 537 3830 tamen
555 3767 615 3846 ipse
636 3785 815 3850 magnopere
836 3765 1057 3842 delectabatur,
1087 3769 1231 3847 ingram-

176 3877 369 3938 ·maticorum
382 3871 494 3952 scriptis
511 3874 632 3948 irridet,
652 3873 734 3935 unde
750 3869 903 3950 probabile
924 3870 997 3933 mihi
1015 3870 1072 3945 fit,
1105 3870 1231 3949 plurima

189 3982 324 4059 sequiore
355 3991 440 4040 atate
473 3979 627 4047 aTaetae
646 3976 767 4055 aliisque
801 3977 997 4055 grammaticis
1030 3975 1232 4040 vetustioribus

190 4084 326 4160 scholiis,
350 4101 414 4160 quae
430 4083 458 4144 ἃ
474 4081 534 4160 ipsa
551 4080 728 4143 recentiores
746 4093 862 4146 autores
884 4080 1055 4153 habebant,
1082 4078 1164 4140 fuiiie
1181 4079 1233 4142 ad-

191 4191 316 4263 mucra,
338 4170 441 4263 inepta
455 4186 611 4264 pleraque,
633 4187 661 4248 n
679 4185 812 4248 ridicula.
855 4187 921 4264 Qua
939 4187 977 4246 de
990 4204 1021 4244 re
1035 4180 1084 4244 vel
1098 4181 1233 4248 exlama-

186 4297 258 4374 gine
272 4290 471 4363 scholiorum,
493 4309 555 4372 qua
564 4289 779 4352 aiiittershufio
792 4289 929 4354 extribus
940 4285 1091 4350 codicibus
1104 4290 1232 4365 prodita,

191 4395 332 4478 &gloffis
346 4393 580 4457 interlinearibus
594 4395 738 4473 permixta
757 4395 883 4467 exstant,
905 4392 1037 4468 judicare
1054 4390 1141 4468 licet,
1164 4412 1235 4472 quo.

186 4523 258 4568 rum
272 4501 406 4565 maxima
422 4517 491 4577 vputa
508 4499 596 4568 ctiam
609 4499 643 4560 in
657 4497 840 4575 librohegio
854 4495 1001 4576 habenis,
1026 4498 1111 4564 unde
1133 4495 1236 4576 passim

754 4599 913 4680 i<><><2
