3175 5434
377 525 461 608 334
599 523 665 589 ut
705 493 945 584 aucueio
984 518 1084 580 ωε.
1121 518 1180 580 11.

347 679 355 697 ¹
377 653 502 730 ciderit
517 649 665 726 ardeam.
700 673 780 722 narn
799 645 894 742 quod
910 649 1089 746 accipitres
1105 649 1144 718 in
1161 661 1253 716 tetta
1273 659 1419 716 venato·

375 754 494 836 tibus,
520 749 588 824 hoc
607 755 647 823 in
664 753 751 821 mari
765 745 990 842 piscatoribus
1009 745 1119 818 ardeae
1139 739 1418 836 significaretur·
1512 809 1513 814 ,

373 852 521 926 duntur.
549 849 601 927 nb
620 849 731 922 aedeis
747 851 880 920 vitium
899 872 941 918 ex
955 849 1053 940 aquis
1065 845 1216 936 primum
1230 847 1419 916 inventum

320 1017 325 1026 .
376 951 500 1044 ajunt,
525 951 677 1042 reliquas
691 948 735 1020 ab
752 951 803 1020 eis
821 941 992 1028 didicisse,
1018 967 1098 1018 cum
1112 946 1225 1016 vinus
1242 968 1336 1016 uatus
1349 947 1418 1014 ini-
1451 965 1455 972 ’
1511 935 1513 964 ¹

377 1053 429 1124 tio
452 1049 618 1122 omnibus
644 1043 724 1120 esset
746 1044 895 1126 avibuss
926 1043 1051 1134 deinde
1075 1066 1156 1115 cunt
1172 1043 1416 1136 gloriarentur
1512 1097 1513 1108 ,

376 1147 447 1225 hoc
466 1151 632 1229 invento,
659 1147 755 1220 &ne
770 1139 886 1238 ipsum
907 1143 1048 1240 quidem
1067 1143 1275 1236 Neptunum
1293 1157 1418 1215 natan·
1512 1201 1513 1226 p

377 1247 426 1328 do
448 1251 596 1322 cumeis
623 1243 831 1320 contendere
855 1243 944 1338 posse
963 1243 1158 1336 jactarent,
1193 1239 1284 1314 hanc
1304 1261 1417 1316 artem
1512 1239 1513 1318 l

376 1351 467 1422 irato
492 1345 559 1418 deo
579 1341 747 1426 amisisset
782 1343 1007 1436 quodetiam
1032 1339 1241 1432 Thamytidi
1264 1337 1416 1434 superbo
1512 1325 1513 1392 Ῡ

376 1449 514 1524 cantori
533 1471 577 1518 ex
595 1441 704 1522 Musis
721 1437 896 1536 conugiise
918 1444 1029 1534 ajunt.
1043 1443 1151 1514 ollinc
1170 1441 1254 1512 adeo
1271 1441 1417 1536 reliquae

378 1570 502 1620 omnes
520 1569 601 1619 aves
620 1543 796 1638 captandis
815 1537 966 1636 piscibus
985 1560 1189 1636 merguntur
1207 1544 1246 1612 in
1266 1565 1417 1634 aquarnt

376 1646 490 1720 ardeae
508 1644 650 1718 natandi
669 1640 842 1715 facultatis
864 1659 1019 1734 expertes
1039 1643 1078 1712 in
1095 1641 1196 1714 litore
1217 1639 1345 1712 {latites
1358 1666 1419 1712 ve·
1471 1718 1475 1723 ,

378 1763 521 1831 nentur.
551 1739 662 1822 Pisces
678 1758 817 1834 captant
831 1739 997 1816 industrie
1015 1736 1093 1812 stane
1110 1743 1143 1814 u
1159 1736 1293 1819 dolose;
1321 1765 1419 1812 nem-

378 1869 423 1939 pe
446 1841 527 1916 solis
550 1844 675 1936 radios
690 1846 740 1916 ita
762 1842 958 1934 excipiunt,
990 1864 1034 1914 ne
1051 1835 1157 1932 pisces
1176 1835 1247 1911 visa
1265 1837 1420 1932 ipsarum
1512 1861 1513 1870 ¹

256 2005 263 2016 .
378 1941 505 2018 umbra
533 1941 718 2035 refugiant
781 1939 920 2014 Genera
946 1939 1128 2014 ardentum
1152 1937 1292 2012 infimta
1323 1937 1418 2012 sunt.

378 2041 467 2118 nnae
493 2044 587 2116 enim
610 2042 735 2115 breves
760 2042 794 2111 ἃ
810 2039 896 2110 albae
921 2034 1029 2120 sunta
1064 2036 1221 2136 quaedam
1243 2040 1420 2132 majores,

380 2140 635 2222 teloneario,
665 2141 740 2212 aliae
758 2138 961 2212 mediocres.
994 2140 1096 2214 ·Sunt
1119 2137 1246 2231 quibus
1266 2163 1286 2210 a
1306 2145 1422 2233 capite

378 2265 444 2319 eeu
471 2239 568 2312 crista
594 2237 752 2332 quaedam
779 2255 910 2320 nutet,
951 2239 1026 2310 aliae
1052 2236 1195 2310 cristatae
1221 2263 1296 2310 uon
1326 2237 1424 2312 sunta

376 2341 477 2515 &icet
493 2363 617 2412 omnes
642 2361 685 2411 ex
711 2340 800 2418 mari
819 2340 972 2426 vivant,
1006 2340 1046 2412 in
1069 2355 1160 2412 terta
1186 2355 1303 2412 nmen
1327 2341 1423 2412 nidi-

407 2457 497 2519 cant·

427 2653 496 2726 IX.
531 2648 778 2744 Imantopotles
797 2673 880 2722 aves
901 2669 1068 2722 nomena
1088 2671 1227 2724 crurum
1247 2653 1422 2722 tenuitate

376 2750 531 2832 habenta
556 2747 625 2822 hoc
641 2775 777 2824 novum
798 2753 838 2824 in
859 2735 1067 2842 eiusquod,
1098 2751 1236 2824 maxilla
1250 2747 1425 2824 inferiore

378 2849 468 2936 fixa,
493 2847 649 2944 superior
667 2845 780 2925 solum
800 2845 881 2944 ipsis
896 2864 1090 2922 moveatur.

397 3064 482 3156 ‚X.
503 3058 668 3154 Cepphus
690 3065 766 3142 avis
785 3086 807 3136 a
829 3061 970 3134 levitate
989 3082 1119 3134 nomen
1146 3061 1229 3132 tulit
1251 3059 1343 3154 apud
1368 3064 1423 3152 pi-

376 3156 539 3239 scatores.
584 3162 708 3249 Currit
725 3166 822 3236 enim
842 3183 902 3253 per
921 3157 1088 3232 summam
1113 3183 1258 3252 aquam,
1282 3164 1314 3232 &
1338 3183 1425 3251 pro-

376 3255 514 3351 sperum
525 3256 751 3352 piscatoribus
763 3257 950 3334 successum
966 3262 1158 3351 promittits
1179 3257 1306 3332 versari
1321 3263 1422 3332 enim

378 3357 436 3430 hie
453 3361 592 3430 inlotis
607 3360 781 3452 gaudent,
807 3365 847 3432 in
866 3357 994 3452 quibus
1009 3362 1168 3432 meliores
1183 3356 1325 3454 piscium
1342 3383 1423 3452 gre-

379 3481 440 3550 ges
461 3456 619 3540 suetint3
643 3458 802 3534 mannos
821 3460 970 3532 maxime
991 3462 1225 3542 comitantur,
1258 3459 1353 3550 quod
1373 3458 1420 3530 ab

378 3560 423 3636 iis
440 3554 706 3650 pisciculorum,
733 3583 823 3653 quos
841 3558 1006 3632 dentibus
1028 3557 1098 3634 suis
1117 3556 1334 3652 discerpunt,
1362 3583 1422 3630 ca-

378 3660 536 3730 runculae
554 3660 692 3752 aliquot
713 3664 753 3733 in
772 3661 873 3752 aquis
893 3660 1162 3752 relinquuntur,
1188 3683 1273 3753 quas
1290 3658 1422 3752 cepphi

379 3755 496 3828 statim
514 3760 741 3852 ingurgitant
792 3762 996 3851 Sequuntur
1019 3762 1122 3835 etiam
1150 3757 1356 3852 delphinos,
1387 3764 1423 3834 iit

378 3851 526 3948 piscium
554 3856 597 3928 ab
626 3860 696 3940 illis
724 3854 915 3934 occisorum
941 3853 1106 3953 sanguine
1132 3855 1326 3952 poscuntur.
1362 3857 1426 3932 sed

378 3958 486 4028 maris
501 3979 645 4049 quoque
658 3955 812 4051 spumam
823 3961 1001 4049 ingerunt.
1036 3961 1229 4052 Nunquam
1241 3954 1319 4032 sene
1329 3963 1429 4034 otio-

378 4051 434 4126 sos
463 4074 524 4126 aut
544 4053 755 4131 dormientes
783 4055 934 4149 cepphos
955 4074 1046 4130 terra
1071 4061 1202 4131 marive
1225 4059 1353 4152 aliquis
1373 4057 1424 4132 fa-

379 4156 445 4232 cile
467 4154 751 4253 deprehenderit,
771 4154 911 4248 'semper
935 4160 1032 4232 enim
1050 4149 1228 4234 tantatus
1252 4176 1315 4230 aut
1330 4163 1423 4234 voli-

377 4269 469 4353 tpnt
496 4253 549 4333 aid
569 4259 725 4333 tonitrua
741 4256 828 4328 adeo
845 4253 960 4328 timidi
982 4253 1078 4340 sunt,
1105 4275 1146 4345 ut
1164 4279 1285 4333 eorum
1301 4248 1428 4334 sortitu

381 4353 545 4426 exaudito
565 4379 608 4429 ex
632 4368 709 4451 aere
734 4359 773 4428 in
793 4379 887 4428 mare
912 4355 1082 4432 decidant.
1130 4359 1322 4436 Generatio
1346 4365 1426 4453 qui-

383 4442 462 4544 dem
492 4476 623 4558 eorum·
641 4480 686 4538 ex
706 4457 841 4538 marine
860 4479 908 4561 an
927 4479 971 4556 ex
988 4468 1064 4558 aare
1081 4453 1144 4546 lit²
1172 4481 1248 4534 non
1273 4460 1422 4541 constat.
