3175 5434
972 440 979 477 ‚

384 495 474 613 *21‘4
730 521 1076 592 ona1nn1
1192 517 1198 524 ·

399 712 402 720 -
430 675 522 748 424.
549 656 662 750 Igitur
673 654 741 750 jam
759 656 803 728 ad
823 659 1043 730 venationem
1059 670 1196 729 armato
1218 653 1433 749 hujusmodi

391 781 516 848 genem
539 761 747 850 pugnacium
766 780 912 840 canum,
940 760 1001 849 qui
1020 757 1153 828 belluas
1170 781 1293 829 omnes
1314 755 1435 849 perse-

392 877 561 948 quuntur.
608 857 883 934 Coloresautem
898 857 1036 950 albique
1054 879 1220 950 perquam
1239 860 1343 944 mali,
1375 861 1435 928 ni-

390 961 514 1048 grique
549 958 675 1048 Neque
692 958 785 1027 enim
802 953 880 1028 solis
898 953 1048 1049 perferre
1068 961 1141 1029 vim
1153 955 1253 1029 facile
1271 955 1433 1049 potsunt,
1501 988 1506 1009 ¹

385 1079 503 1148 noque
521 1053 631 1126 nivofi
648 1059 722 1128 eim
734 1054 878 1128 hiberni
890 1058 1067 1148 temporis.
1117 1058 1176 1129 Illi
1193 1075 1313 1130 autem
1330 1059 1433 1129 inter
1505 1056 1506 1061 ’

391 1179 513 1228 omnes
531 1154 689 1248 praestant
703 1177 830 1237 canos,
847 1156 982 1250 quibus
998 1153 1116 1227 fimitis
1133 1156 1249 1230 'forma
1270 1158 1434 1229 multum
1505 1194 1506 1233 t

390 1252 473 1328 fetis
495 1253 710 1342 crudivoris,
735 1257 857 1327 ovium
873 1252 1154 1329 interfedtoribus
1172 1256 1287 1349 lupis,
1309 1277 1376 1329 aut
1389 1253 1438 1330 ti-
1505 1266 1506 1279 ¹

391 1356 513 1450 gtibus
531 1355 752 1448 pernicibus,
770 1372 839 1427 aut
855 1357 958 1428 etiam
974 1356 1162 1446 vulpibus,
1187 1355 1435 1449 celeribusque
1505 1412 1506 1451 Ξ

388 1457 526 1550 pardis,
548 1474 609 1527 aut
620 1456 682 1548 qui
694 1451 793 1546 ¹frugi
809 1453 1013 1550 perfamilem
1026 1451 1171 1546 speciem
1183 1456 1320 1529 ‘habent
1334 1460 1437 1530 triti-
1505 1456 1506 1463 ’

391 1581 433 1632 co
453 1556 671 1630 ¹concolores.
706 1553 811 1628 *ualde
827 1557 928 1628 enim
951 1554 1093 1628 veloces
1109 1555 1312 1650 strenuique
1329 1556 1431 1631 sunt
1506 1594 1507 1631 t

437 1789 485 1865 43
491 1793 525 1864 5.
545 1767 658 1858 'Quod
677 1763 701 1838 fi
719 1767 783 1839 tibi
795 1763 903 1840 'solers
913 1767 1111 1840 oamlorum
1119 1771 1319 1840 nutricatus
1332 1791 1434 1840 curae
1506 1772 1507 1835 ζ

384 1869 461 1958 est,
488 1896 533 1942 ne
549 1892 705 1962 unquam
729 1869 900 1939 laetentur
920 1867 1026 1940 catuli
1047 1872 1181 1940 recenti
1198 1892 1346 1940 mamma
1373 1894 1435 1940 ca-
1506 1958 1507 1969 ἵ

384 1994 546 2064 pmrum,
559 1971 762 2041 aut-ovium
774 2019 784 2050 ,
798 1992 913 2060 neque
930 1967 1123 2040 domesticis
1135 1968 1305 2042 canibus:
1324 1973 1436 2062 quip-
1506 1996 1507 2023 a

385 2095 434 2163 xpe
452 2067 569 2164 segnes
588 2087 692 2160 atque
707 2070 840 2140 nullius
857 2071 964 2160 pretii
979 2066 1270 2162 ingmveseetent3
1294 2065 1436 2140 sedant

381 2192 569 2242 ⁴octavarum
597 2191 743 2240 mamma
763 2164 1017 2260 mansuetaeque
1037 2171 1170 2250 leaenae,
1202 2187 1264 2242 aut
1289 2192 1435 2262 caprea·
1507 2178 1508 2197 ²

384 2293 488 2352 numi,
509 2286 575 2342 aaut
594 2272 784 2360 nottivagae
803 2269 902 2359 lupae.
939 2270 1032 2342 Nam
1050 2266 1096 2339 fic
1116 2271 1149 2340 dc
1171 2265 1350 2350 fortes‚&
1373 2295 1434 2342 ce-
1507 2320 1508 2323 =

381 2371 476 2442 detes
492 2369 679 2443 admodum
703 2367 928 2457 teddideris,
962 2366 1092 2442 dimiles
1108 2365 1191 2461 ipfis
1217 2369 1434 2444 laetantibus

382 2470 597 2546 matricibus.

439 2701 525 2775 443.
548 2681 727 2753 ‘Caeterum
736 2670 940 2752 nominibus
948 2679 1119 2752 brevibus
1133 2703 1237 2752 ‘canes
1252 2681 1434 2776 appellata·
1508 2773 1510 2778 .

384 2779 540 2864 disant,
559 2807 630 2874 quo
649 2779 1290 2877 celeriusquisqueuocatusexaudiat.
1317 2785 1434 2875 Equis
1508 2793 1510 2872 ξ

384 2901 508 2955 :autem
522 2881 646 2953 ualidis
666 2877 857 2952 'familiares
876 2882 1067 2953 uenatotiis
1087 2881 1155 2971 jam
1176 2884 1260 2954 inde
1277 2908 1296 2954 a
1314 2888 1434 2976 prima

386 2999 494 3053 aetate
507 2977 598 3063 snt,
619 2976 894 3072 nomimbusque
907 2980 1077 3051 omnibus
1094 2978 1234 3065 adsueti,
1252 2983 1433 3066 &blandi

392 3076 702 3152 solisautemferis
722 3077 857 3151 infesti:
885 3103 932 3150 ne
961 3082 1083 3150 latrare
1112 3083 1232 3153 velint.
1268 3084 1434 3176 quando.

387 3179 534 3273 quidem
551 3179 655 3252 ‘valde
674 3179 900 3251 venatoribus
913 3175 1260 3254 filantium'sanibum
1274 3183 1344 3266 est,
1366 3209 1433 3277 po-

387 3277 560 3384 :tissimum
573 3295 693 3352 tamen
707 3280 983 3373 indagatoribus.

444 3495 530 3568 450.
553 3477 696 3549 :Genera
708 3499 818 3570 porro
832 3477 1071 3570 vestigationis
1083 3471 1236 3551 obscurae
1251 3473 1443 3560 suntduo,·

388 3576 553 3650 uirorum
567 3581 600 3651 a
612 3601 758 3650 eanum:
783 3603 910 3671 nempe
926 3577 1086 3649 homines
1105 3577 1220 3650 callidi
1237 3575 1350 3648 oculis
1365 3601 1433 3646 no-

394 3693 487 3758 tant,
515 3676 650 3749 &bene
665 3675 849 3750 observant
864 3682 960 3750 vias:
983 3678 1128 3748 naribus
1142 3701 1230 3748 vero
1247 3698 1349 3747 cantes
1367 3699 1433 3746 ve·
1508 3723 1510 3738 ·

394 3773 492 3870 stigia
507 3779 638 3868 quaevis
650 3777 927 3871 deprehendunt.
961 3780 981 3864 J
984 3801 1038 3848 ana
1056 3801 1141 3848 vero
1158 3775 1363 3848 hominibus
1381 3776 1432 3847 est

397 3874 620 3948 commodum
636 3896 775 3968 tempus
794 3876 1005 3959 hibernum,
1038 3879 1136 3948 nullo
1151 3879 1244 3961 euim
1261 3875 1432 3967 indagant

394 3976 514 4050 labore
544 3978 747 4058 oculorum3
786 3995 972 4070 propterea
997 3977 1097 4070 quod
1121 3979 1160 4048 in
1186 3979 1269 4049 nive
1299 3975 1432 4070 fignam

381 4079 515 4149 omnia
529 4072 626 4148 fimul
645 4095 857 4160 cernuntur,
880 4077 1006 4150 &luto
1027 4094 1167 4148 manent
1184 4073 1341 4168 impreffa
1365 4101 1432 4148 ve-

396 4177 647 4274 stigiapedum.
673 4174 840 4250 infestum
856 4201 941 4248 veto
957 4201 1020 4250 ver
1032 4181 1196 4258 canibus,
1222 4176 1431 4248 commodus

388 4296 511 4348 autem
528 4277 575 4348 est
595 4282 794 4351 autumnus.
829 4279 922 4349 ‘Vere
938 4282 1033 4350 enim
1048 4279 1175 4370 plantis
1192 4275 1331 4347 abunde
1350 4275 1432 4348 het.

394 4374 519 4446 barum
538 4382 657 4449 nutrix
672 4378 777 4450 tellus
795 4376 990 4470 florumque
1015 4376 1141 4452 referta
1160 4376 1209 4448 est
1234 4374 1429 4447 odoribus:

391 4473 551 4569 undique
564 4495 677 4551 autem
694 4473 812 4574 paffim
826 4477 949 4551 florida
971 4495 1068 4574 prote
1095 4480 1180 4554 citra
1197 4474 1331 4550 cultum
1347 4499 1431 4570 pur-

710 4621 723 4653 <
