3175 5434
399 516 485 610 278
735 519 1087 587 'orateur

346 644 350 652 ι
453 672 516 748 43·
538 646 691 724 Piscibus
705 651 802 724 nulla
822 649 959 742 justitiet
976 671 1038 722 aut
1056 651 1223 724 amicitia
1240 653 1437 724 reverentia
1507 623 1508 696 l

1506 699 1508 754 l

401 751 473 834 est,
496 749 762 843 omnesquestbi
781 753 933 822 invicem
947 747 1061 822 infesti
1080 752 1292 840 robustiores
1305 754 1437 844 quique
1507 765 1508 810 l

403 852 649 924 imbecilliores
659 850 954 943 aggrediuntur&
972 848 1152 924 devorant.
1191 852 1261 924 Alii
1274 851 1439 922 dentibus

399 954 630 1044 corporisque
647 951 773 1024 robore
793 947 1005 1030 confidunt3
1036 949 1097 1021 alii
1119 973 1295 1022 venenum
1317 951 1358 1020 in
1382 973 1438 1023 ore

399 1067 555 1144 geruntt
578 1051 637 1120 alii
650 1045 824 1140 spinarum
837 1047 921 1121 diris
939 1049 1085 1136 ictibus,
1106 1053 1269 1122 nonnulli
1288 1048 1438 1143 denique
1507 1077 1508 1112 l

404 1152 515 1221 aculei
537 1151 700 1220 venenati
717 1152 752 1220 vi
771 1146 904 1222 hostem
920 1146 1145 1226 ulciscuntur.
1185 1150 1326 1240 Quibus
1356 1175 1439 1222 vero
1507 1179 1508 1224 l

1506 1135 1508 1166 l

403 1247 489 1320 deus
515 1271 608 1318 arma
632 1245 705 1320 haec
733 1247 932 1342 denegavit,
961 1246 1015 1321 his
1032 1246 1205 1322 solertiam
1228 1247 1442 1322 animisrau-

399 1347 532 1442 desque
547 1346 691 1430 indidit,
719 1346 847 1440 quibus
868 1347 1016 1440 majores
1036 1349 1140 1420 etiam
1157 1348 1439 1442 robustioresque

400 1442 485 1540 saepe
506 1448 654 1519 vineunt
670 1441 798 1540 pisces,
823 1451 934 1522 veluti
954 1447 1125 1539 torpedo,
1153 1452 1210 1522 cui
1229 1475 1293 1542 pro
1311 1449 1439 1521 robore
1506 1443 1508 1532 ζ

399 1569 610 1620 venenuma
626 1562 748 1619 natura
763 1546 883 1622 datum
899 1545 957 1619 est.
994 1547 1115 1620 Mollis
1134 1551 1226 1620 enim
1247 1553 1279 1621 dt
1300 1547 1439 1622 infirma
1506 1611 1508 1622 Α

402 1648 542 1740 reliquo
560 1668 726 1738 corpore,
749 1648 784 1720 dr
805 1645 963 1722 tarditate
980 1650 1108 1739 gravis,
1131 1649 1307 1721 ramlente
1323 1673 1440 1740 proce·

400 1745 474 1828 dit,
495 1764 538 1818 ut
559 1771 634 1820 non
651 1764 792 1829 stature,
814 1745 871 1818 sed
890 1742 1021 1840 serpere
1045 1747 1228 1827 videaturt
1258 1773 1385 1820 verum
1404 1753 1438 1820 in
1506 1795 1508 1816 ἑ

400 1841 590 1918 subsidium
632 1845 879 1918 imbecillitatis
919 1846 1007 1918 duos
1043 1849 1083 1918 in
1116 1847 1280 1920 lateribus
1324 1848 1436 1924 radios
1507 1841 1508 1880 ³

399 1947 524 2030 (uelut
539 1947 613 2018 alar
629 1946 733 2018 radiis
752 1945 950 2040 contererer)
972 1943 1094 2026 habet,
1129 1949 1191 2039 qui
1208 1951 1360 2019 contadi
1376 1949 1435 2018 lla.

401 2047 467 2116 tim
497 2069 618 2118 omnes
642 2043 880 2117 membrorum
901 2047 993 2118 vires
1020 2045 1272 2138 exstinguunt,
1305 2045 1436 2141 sangui-

399 2148 604 2238 nemquein
627 2148 727 2218 venis
744 2158 898 2240 cogunt,
923 2147 971 2217 ita
993 2161 1034 2216 ut
1049 2144 1201 2217 membra
1214 2138 1333 2220 omnia
1342 2148 1433 2219 lento

397 2258 544 2335 torpore
561 2248 697 2338 rigeant
706 2292 723 2328 ‚1
732 2269 797 2316 nec
820 2246 967 2338 amplius
983 2249 1117 2318 moveri
1135 2266 1273 2338 queant.
1331 2249 1434 2320 Bene-

398 2339 638 2422 ficiumsuum
648 2370 723 2416 non
736 2348 898 2438 ignorat,
922 2362 1165 2439 eoqueoontra
1180 2342 1286 2438 pisces
1308 2350 1431 2422 utitur.

399 2445 533 2537 Supina
554 2445 702 2538 torpedo
715 2441 783 2516 sese
794 2447 834 2517 in
856 2468 994 2518 arenant
1014 2444 1151 2538 abjicit,
1180 2443 1327 2518 &humi
1339 2447 1435 2520 strata
1506 2449 1508 2528 ἶ

398 2542 491 2637 jacet
505 2547 695 2618 immobilis
713 2545 881 2638 tanquam
899 2563 1059 2616 mortua:
1089 2569 1130 2616 ac
1147 2540 1171 2615 st
1187 2547 1265 2637 quis
1285 2569 1329 2617 ex
1343 2543 1434 2638 pilci-

399 2642 469 2718 bus
481 2645 613 2718 adeam
630 2649 904 2740 appropinquat,
929 2643 987 2716 hic
1004 2647 1153 2738 primunr
1174 2663 1341 2738 tanquam
1361 2651 1434 2719 virt·

404 2743 492 2818 culis
501 2743 705 2819 constridlus
726 2762 883 2828 tenetur,
904 2747 1113 2839 &tanquam
1124 2743 1304 2816 arttiffimo
1316 2743 1433 2817 somno

342 2855 345 2863 '
395 2849 617 2937 opprimitur.
649 2843 729 2920 Post
750 2869 835 2918 vero
863 2843 948 2934 haec,
974 2847 1132 2936 quamvis
1160 2868 1232 2916 non
1257 2846 1350 2926 levis¹
1376 2843 1433 2927 fit,
1506 2899 1507 2902 ,

396 2961 516 3016 tamen
533 2945 690 3016 celeriter
708 2969 752 3017 ex
765 2944 906 3048 lqtebtis
935 2967 1152 3038 erumpens,
1196 2944 1322 3036 piscem
1349 2969 1435 3018 mor-

396 3060 463 3116 tuo
479 3039 621 3116 similem
638 3044 737 3116 edit:
762 3049 798 3116 dr
821 3041 905 3136 saepe
934 3046 982 3117 ita
1011 3049 1050 3117 in
1082 3063 1237 3117 natantes
1256 3045 1381 3116 mediis
1400 3049 1435 3116 in

398 3141 562 3216 sudibus
569 3139 674 3235 pisces
684 3147 1016 3224 momenmentum
1033 3147 1242 3216 celeritatem
1259 3146 1434 3224 tardam&

399 3246 561 3334 quamvis
571 3260 793 3334 properantes
805 3237 874 3316 suis
885 3245 1032 3316 vinculis
1046 3245 1210 3339 astringit.
1231 3242 1435 3330 iidebilitatl

396 3345 437 3414 dt
454 3338 705 3432 obstupefacti,
729 3339 849 3435 sugere
871 3340 1145 3423 obliviscuntutr
1179 3344 1236 3415 illa
1263 3367 1344 3414 vera
1369 3363 1435 3416 tor-

397 3461 520 3535 pentes
546 3438 704 3533 nihilque
722 3440 914 3514 recusantes
936 3441 1050 3514 exedit
1075 3439 1311 3516 &consumit
1351 3446 1433 3516 Non

396 3542 498 3614 aliter
512 3537 681 3636 quispiam
696 3543 796 3612 vanis
815 3539 1031 3616 somniorum
1043 3542 1201 3616 ludibriis
1220 3547 1431 3634 perterritus,

270 3724 275 3745 ,
400 3646 519 3714 animo
543 3641 684 3733 quidem
707 3638 824 3734 sugam
856 3646 1011 3735 cogitat,
1052 3666 1177 3717 verum
1204 3639 1308 3736 pedes
1339 3643 1434 3736 gravi

400 3740 511 3823 ueluti
528 3742 671 3816 vinculo
688 3743 811 3835 ligatos
826 3737 949 3816 frustra
961 3758 1091 3818 movet.

447 3963 507 4036 86.
533 3952 621 4026 Non
649 3954 766 4024 minor
788 3977 880 4025 ranae
907 3957 922 4040 (
932 3951 1131 4050 piscatrici)
1158 3950 1295 4026 solertia
1322 3951 1367 4024 ad
1390 3953 1436 4026 ci·
1504 4005 1505 4008 ,

399 4053 486 4125 bum
501 4054 592 4146 gulae
611 4053 893 4145 comparandum.
941 4055 1041 4148 Piger
1066 4057 1099 4125 &
1116 4053 1230 4124 mollis
1254 4051 1302 4126 est
1316 4051 1432 4145 piscis,

393 4147 598 4228 stediffimus
610 4149 757 4245 aspectu.
793 4177 833 4226 os
852 4153 919 4226 late
937 4153 1117 4226 didutlum
1137 4151 1251 4225 habet.
1281 4153 1357 4224 Hic
1375 4153 1433 4245 igi·

324 4300 327 4304 -
396 4267 456 4323 tur
478 4256 517 4325 irr
538 4253 625 4327 locis
646 4250 786 4326 ctenofis
819 4252 979 4335 abditus,
1018 4252 1237 4339 centoculum
1271 4273 1431 4346 parvam,

397 4366 559 4435 tenuem,
584 4351 697 4423 albam
717 4357 867 4448 tetrique
888 4353 1030 4433 odoris,
1056 4376 1134 4444 quae
1153 4348 1288 4423 inferne
1311 4375 1354 4422 ex
1377 4371 1431 4421 ore
1502 4343 1505 4408 l

396 4453 569 4544 erumpit,
592 4451 787 4543 protensam
809 4449 1010 4545 frequenter
1026 4467 1159 4534 mont,
1183 4449 1228 4526 ad
1240 4469 1431 4546 quamtum
