3175 5434
276 478 344 542 nr
382 464 745 546 ciscarront
785 480 1014 550 tra.111·
1083 485 1196 566 295·=

128 633 192 684 ceu
208 605 416 702 fugientem.
438 605 585 701 piscator
601 633 687 682 vero
705 605 893 684 observans
913 612 1174 708 anthioe‚quem

126 708 402 803 praestantiorem
421 708 570 790 viderit,
598 733 673 781 eam
692 708 879 794 admovet,
903 715 964 805 qui
978 732 1099 807 coptos
1114 718 1173 790 vix

126 833 257 904 magno
272 808 390 880 laboro
414 811 449 880 dr
469 805 724 884 contentissimo
748 806 827 880 nisu
848 816 1038 895 retinetur,
1070 809 1183 886 renai-¹

126 908 294 1003 gentibus
308 909 453 979 interim
470 910 605 980 ceteris.
634 899 784 980 Pisc'ator
799 908 944 1002 quidem
957 937 1077 1005 prono
1096 935 1176 987 cor.

129 1032 216 1104 pore
232 1010 270 1078 vi
282 1007 484 1080 resudantia
497 1005 627 1078 anthiae
642 1029 662 1077 e
679 1009 788 1102 puppi
802 1007 1012 1095 retrahitur,
1032 1037 1180 1088 manue*

128 1131 199 1202 que
215 1105 328 1180 saucio
349 1103 551 1200 sanguinem
574 1104 741 1189 destillat,
767 1105 925 1183 &funis'
938 1110 1082 1194 stridere
1116 1117 1176 1188 ni.

129 1208 208 1280 hilo
229 1211 346 1280 minus
369 1223 487 1278 tamen
504 1207 594 1277 'totle
611 1207 751 1280 uiribus
770 1206 966 1292 obnititur,
1001 1229 1106 1306 atque
1122 1216 1173 1287 ita

130 1306 361 1400 uterquediu
380 1302 522 1377 incerse
546 1303 742 1388 decertant,
770 1308 889 1380 ‚veluti
903 1333 998 1382 cum·
1014 1314 1085 1384 viri
1100 1310 1174 1386 duo

130 1407 316 1480 vinculum
327 1403 424 1477 sitnia
440 1406 517 1497 pari·
527 1407 715 1478 certamine
731 1407 885 1478 invicem
904 1407 1050 1484 trahunt
1067 1423 1189 1486 tectu.

129 1505 305 1600 huntque.
341 1506 468 1597 Neque
484 1501 578 1576 socio
602 1519 702 1596 capto
723 1501 848 1578 desunt
874 1510 1025 1602 gregales
1045 1509 1189 1602 reliqui.

130 1603 260 1699 pisces:
288 1608 322 1679 dc
345 1604 429 1678 dum
452 1603 574 1697 juvare
593 1606 766 1695 cupiunt,
793 1603 905 1678 dorfie
926 1606 1070 1680 adeum
1091 1619 1179 1682 coni

130 1706 262 1799 junctis
278 1707 313 1801 dc
329 1710 457 1777 temere
475 1702 707 1797 conglobati„
721 1703 919 1796 impediunt
934 1709 1055 1802 magis.
1100 1708 1187 1782 Ali--

133 1805 278 1899 quando
294 1799 537 1877 &forticulum
555 1801 686 1884 rostro,
701 1799 928 1888 ledfrustra,
944 1806 1188 1905 praemorderq

132 1921 317 1981 conantur.
345 1903 509 1976 dentibus
530 1903 624 1975 emm
640 1918 768 1979 carent.
799 1904 1075 1996 Imquenindem
1086 1930 1177 2001 aegre

131 2001 300 2076 defessum
311 2003 436 2076 labora
452 2001 729 2084 &consuendum
751 2004 785 2074 da
801 2005 949 2098 remigio
965 2003 1178 2099 nanicsupe-

131 2121 268 2187 ratum,
294 2101 445 2177 extrahit
461 2101 629 2196 piscator,
655 2104 719 2195 qui
735 2097 763 2172 fi
781 2103 1037 2198 velpaululum
1050 2107 1083 2178 ei
1094 2129 1178 2180 con·

78 2290 80 2293 ⁴
133 2203 293 2286 cederet,
316 2227 391 2276 non
408 2203 556 2295 amplius
578 2206 785 2274 attractums
804 2200 916 2284 soret3
941 2205 1027 2276 adeo
1046 2207 1174 2298 ingens

133 2326 262 2378 eorum
278 2306 334 2376 vis
351 2302 410 2382 est.
450 2304 487 2375 N
491 2325 531 2374 ec
547 2320 626 2387 raro
644 2320 780 2379 acutam
806 2298 908 2394 supra
926 2301 1017 2376 dorsi
1043 2301 1178 2398 spinam

129 2403 262 2481 'tesedia
278 2404 389 2486 linea,
413 2400 531 2479 evadit
540 2399 697 2477 aethiae.
733 2399 819 2472 Tale
835 2401 946 2475 robur
970 2405 1073 2488 etiam
1091 2406 1175 2497 coll-

132 2501 278 2594 ichtlrys
297 2501 421 2585 habet,
434 2505 468 2574 δι
483 2525 661 2592 orcynuS,
676 2500 806 2589 aliique
826 2499 933 2593 pisces
951 2506 1098 2588 cereces,
1115 2505 1179 2595 qui
1329 2493 1332 2500 ’

134 2601 300 2678 similiter
317 2604 525 2679 lacertorum
540 2601 677 2682 viribus
696 2600 863 2674 vincendi
874 2597 965 2676 sunt.
1084 2623 1101 2658 ,·
1127 2675 1132 2684 ,

186 2825 273 2910 338.
303 2810 482 2887 'Canthari
509 2809 650 2906 pisces,
698 2813 763 2903 qui
788 2813 878 2885 circa
904 2762 1179 2907 petrea-asperus

136 2913 348 3011 (aspratiles)
363 2914 513 3007 degunt,
535 2910 731 2986 inescantur
753 2913 887 3006 polypo
900 2930 962 2986 aut
980 2911 1105 2987 corabo
1128 2911 1185 3008 ase

135 3011 195 3098 so,
219 3009 399 3087 innulsam
415 3014 626 3096 uimineam,
646 3010 704 3084 vel
719 3035 767 3083 ex·
778 3009 893 3106 sparoo
909 3010 1182 3108 Hispanicuplea
1314 3070 1320 3079 .

135 3139 234 3198 xam,
262 3116 481 3207 amplumque
499 3111 637 3195 indito,
670 3108 852 3188 adsaxum
869 3114 1011 3208 aliquod
1027 3116 1182 3186 inclinar
1216 3159 1220 3169 ·

136 3233 231 3286 um:
261 3213 362 3306 cujus
384 3231 508 3286 venter
524 3208 565 3282 sit
577 3213 666 3282 bene
681 3233 805 3303 capax,
825 3221 870 3284 'os
890 3237 975 3286 vero
994 3211 1186 3306 obliquum

137 3313 240 3407 (alias
254 3312 454 3409 angustum).
480 3311 700 3404 ingredietur
714 3314 807 3382 enim
824 3316 977 3406 primum
994 3311 1180 3386 cantharus

138 3415 292 3507 aliquis,
317 3411 440 3494 nidore
453 3412 618 3494 allectus,
644 3414 679 3482 dr
694 3434 778 3485 mox
793 3412 975 3505 postquam
990 3411 1103 3506 pastus
1118 3409 1178 3496 est,

139 3511 391 3607 tanquamfibi
405 3530 582 3597 metuens,
608 3507 726 3594 rursus
742 3512 862 3598 exibit.
890 3510 1039 3597 Piscator
1051 3534 1189 3582 novantv

140 3609 292 3694 subinde
307 3610 416 3684 escam
431 3630 599 3706 reponet:
633 3611 745 3693 donec
769 3611 839 3690 alio
862 3612 1184 3692 aliumeonvivam

139 3709 257 3792 secum
272 3711 492 3796 adducente,
508 3712 628 3785 multis
646 3705 844 3802 magnisque
860 3712 1005 3802 tandem.
1015 3708 1184 3793 collectis,

138 3809 206 3888 hos
221 3814 296 3907 jam
311 3811 492 3886 domicilio
508 3809 698 3906 gaudentes
717 3806 807 3886 naiso
819 3865 839 3897 „
865 3813 1031 3903 operculo
1047 3811 1102 3882 ori
1120 3808 1186 3878 ob.

138 3909 305 3994 firmato,
334 3914 457 4004 capiat.
501 3915 586 3986 Non
602 3912 702 3981 aliter
718 3907 950 3984 adolescentes
968 3912 1055 3982 male
1072 3905 1183 3982 sobrii

140 4013 304 4107 quotidie
323 4011 367 4082 ad
386 4013 509 4104 pupilli
527 4009 670 4103 aequalia
685 4007 830 4082 domum
854 4007 1022 4101 &sponte
1047 4006 1184 4077 vocati..

140 4137 210 4204 que
228 4111 469 4191 confluentes,
485 4135 559 4182 rem
577 4107 780 4182 familiarem
800 4110 1030 4202 imprudentis
1047 4103 1186 4177 domini

139 4215 230 4285 uino
258 4207 438 4302 epulisque
464 4208 699 4290 consumunt,
738 4209 946 4302 tandemque
966 4232 1011 4281 ex
1030 4202 1186 4278 malevo-

140 4310 448 4401 lentiacommuni
458 4313 658 4406 plectuntur
671 4304 853 4400 supplicio.
