3175 5434
306 495 379 556 DE
421 493 918 570 VENA‘PIONEAEIB·
962 493 1019 556 1‘1.
1103 494 1195 578 22?

140 619 279 698 rursum
305 641 455 716 quatuor
475 638 629 694 armatur
657 621 860 706 cornibus,
895 643 1021 699 vetum
1039 619 1184 697 duobus

140 726 267 797 validis
288 720 468 815 superlata
486 720 615 796 fronte.
632 721 826 815 Ambiguae
840 726 922 796 vitae
941 727 1045 796 etiam
1059 719 1186 796 subuse

140 849 221 924 nam
244 826 349 896 etiam
364 830 457 897 mure
474 820 679 915 ingreditur.
714 822 867 910 Qumdo
875 846 967 895 uero
984 827 1024 894 in
1043 819 1187 915 prosun-

141 921 226 998 dum
243 927 362 1009 vadit,
400 923 527 994 celeres
543 919 668 993 flutlus
692 918 828 1003 secane,
852 939 929 995 tum
950 918 1030 993 sane
1057 925 1184 1014 iugens

140 1023 332 1100 multitudo
352 1019 451 1093 fimus
470 1044 530 1114 per
551 1043 643 1091 mare
664 1023 823 1114 gradiens
839 1019 987 1113 piscium
1004 1018 1182 1112 sequitur,

146 1129 211 1218 qui
229 1127 383 1196 membra
400 1121 475 1213 ejus
499 1121 677 1207 lambunt,
702 1119 861 1192 delectati
875 1125 1059 1214 cornigero
1072 1124 1185 1195 emico

143 1221 353 1304 mollisub03
375 1225 638 1316 praecipuevero
656 1223 763 1314 pugni,
780 1208 986 1294 &imbecilli
998 1220 1183 1309 melanuri.

147 1328 298 1408 uacus,
325 1322 489 1410 &mulli,
513 1319 686 1394 &astacus
704 1325 872 1414 utrinque
884 1319 1090 1415 sequuntur.

193 1555 277 1626 393.
303 1537 438 1610 Mirum
458 1531 506 1606 eu
528 1536 633 1606 etiam
651 1529 774 1606 bestias
798 1534 930 1605 alienos
951 1555 1072 1606 curare
1090 1557 1187 1606 smo-

140 1655 197 1706 res
214 1640 247 1708 u
262 1636 507 1706 immoderatas
524 1633 714 1706 illecebras,
742 1635 831 1706 Non
847 1637 942 1704 enim
954 1636 1047 1707 inter
1062 1633 1095 1706 se
1109 1650 1187 1706 tan-

140 1750 218 1806 tum
235 1738 363 1807 amoris
382 1739 497 1808 mutui
511 1730 625 1806 foedus
640 1734 795 1806 naturale
809 1731 972 1806 habenta
989 1736 1074 1818 deo,
1100 1758 1187 1828 qua.

140 1853 245 1907 tenus
262 1859 385 1906 eorum
412 1858 521 1928 genus
544 1851 753 1928 propagetur
784 1829 916 1926 semper
947 1829 1181 1907 sobolescente

141 1941 229 2009 vita.
266 1938 401 2008 Mirum
417 1933 557 2029 quidem
575 1938 677 2006 etiam
695 1931 806 2014 istud,
837 1936 992 2026 copulari
1004 1933 1106 2006 bruta
1123 1959 1185 2028 ge-

142 2059 228 2108 nera
257 2036 410 2106 vinculis
440 2037 599 2116 amoris,
636 2038 679 2107 &‘
697 2057 926 2127 congenerem
943 2036 1188 2126 »cupiditatem

142 2133 411 2228 persentiscere,
441 2137 626 2208 &ratione
653 2133 826 2214 destituta,
857 2158 1010 2208 amorem
1032 2137 1125 2208 inter
1150 2131 1188 2204 se

142 2233 313 2318 miscere,
339 2233 630 2328 quemadmodum
644 2233 848 2308 hominibus
860 2259 959 2307 mens
975 2238 1008 2306 ἃ
1021 2241 1111 2308 ratio
1124 2257 1186 2327 per

141 2338 266 2408 oculos
285 2355 420 2430 apertos
443 2334 602 2406 haustum
618 2360 770 2408 amorem
793 2338 918 2428 recipit
941 2339 1069 2407 animo.
1120 2331 1187 2408 Sed

140 2433 230 2528 saepe
250 2439 441 2529 peregrinis
456 2433 594 2508 furiunt
609 2440 713 2506 etiam
731 2436 931 2508 amoribus.-
958 2437 1069 2530 qunlis
1082 2438 1121 2506 in
1132 2437 1188 2505 in-

140 2533 256 2629 signes
278 2559 400 2609 cervos
418 2559 515 2607 umor
529 2535 577 2607 est
591 2535 816 2629 attageuum?
841 2555 992 2629 quantus
1011 2559 1116 2627 porro
1131 2557 1185 2604 er-

139 2661 181 2732 ga
192 2657 360 2710 cornutos
370 2637 545 2728 capreolos
554 2636 756 2730 perdicum?
783 2638 846 2727 qui
862 2659 948 2708 vero
960 2632 1095 2723 rursum
1109 2657 1187 2727 pera

138 2739 282 2812 uicibus
293 2737 683 2832 gaudentequisotides‚
724 2737 853 2829 quibus
869 2735 971 2809 floret
987 2734 1118 2828 semper
1132 2733 1187 2804 hi·

138 2835 326 2931 spidilsrma
347 2838 466 2910 euris?
489 2834 653 2910 Pfittacus
671 2834 807 2909 rursum
820 2834 988 2931 lupusque
1004 2860 1074 2933 una
1099 2832 1185 2906 alter

139 2949 222 3010 cum
247 2940 356 3010 altero
384 2933 591 3029 pascunmr3
630 2937 760 3032 semper
779 2939 875 3010 enim
898 2935 1089 3011 desiderant
1112 2933 1188 3028 lupi

138 3039 290 3112 viridem
306 3060 417 3110 avem.

187 3267 276 3340 410.
305 3249 539 3324 Potentiffime
564 3253 671 3324 Amor
694 3266 846 3344 quantus
866 3273 920 3332 es,
963 3259 1093 3343 quanta
1124 3262 1186 3320 tun·

140 3347 310 3424 immensu
330 3353 502 3445 potestus,
529 3369 699 3445 quantum
715 3353 863 3444 cogitas,
891 3367 1062 3443 quantum
1076 3350 1188 3440 impe-

138 3472 210 3538 ras,
230 3469 414 3544 quantum,
435 3452 527 3542 dive,
546 3452 637 3526 ludis
669 3451 790 3524 Tellus
811 3450 859 3523 est
871 3449 1020 3523 stabiliet
1047 3447 1125 3523 telis
1138 3465 1188 3518 ta·
1279 3494 1284 3504 ·

137 3558 225 3622 men
239 3555 308 3624 tuis
327 3557 494 3647 quatitur.
531 3555 714 3646 Inquietus
743 3550 789 3623 est
817 3567 972 3644 pontus,
1006 3567 1046 3620 tu
1068 3565 1187 3618 tamen

140 3653 248 3722 etiam
275 3677 355 3724 eum
376 3651 472 3728 fistis.
508 3653 644 3726 Venisti
663 3655 702 3723 in
726 3649 917 3738 aetherem,
955 3652 1127 3739 novitque
1152 3664 1187 3718 te

142 3751 262 3822 vastus
286 3754 473 3854 Olympus.
510 3754 653 3824 Timent
668 3767 781 3824 autem
800 3767 835 3820 te
852 3752 990 3831 omnia,
1019 3748 1190 3821 &coelum

139 3852 254 3922 lautm
270 3849 414 3945 superne
435 3857 467 3926 δι
490 3850 553 3924 sub
571 3871 660 3926 terra
676 3875 752 3946 quae
769 3847 850 3922 sunt
868 3854 901 3922 ἃ
921 3869 1039 3944 gentes
1057 3845 1187 3920 miserae

137 3969 384 4036 mortuorum,
422 3955 483 4048 qui
506 3954 631 4027 Lethes
657 3950 846 4047 hauserunt
865 3975 925 4023 ore
944 3946 1108 4024 molestiae
1129 3969 1188 4016 ex-

137 4070 277 4144 pertem
297 4076 441 4146 aquam,
469 4057 501 4126 de
524 4048 726 4149 effugerunt
751 4051 891 4123 dolores
914 4065 1054 4129 omnes,
1081 4065 1116 4118 te
1135 4063 1191 4116 ta-

137 4175 227 4222 men
246 4155 437 4226 etiamnum
456 4151 656 4228 sormidant.
702 4154 792 4225 Tuis
814 4175 920 4244 porro
937 4147 1071 4220 viribus
1085 4147 1190 4216 etiam

88 4263 92 4278 ¹
139 4256 270 4344 procul
286 4271 470 4347 penetres,
504 4279 575 4346 quo
602 4276 787 4348 uunquam
814 4251 1012 4344 pervenerit
1028 4243 1078 4317 sol
1104 4246 1189 4316 luci-

139 4352 237 4424 dus:
263 4373 328 4450 tuo
350 4354 488 4426 demum
508 4357 582 4447 igni
604 4357 707 4428 etiam
725 4356 786 4426 lux
806 4352 897 4422 cedit
912 4345 1130 4427 formidans,
1158 4348 1193 4419 ἃ

109 4451 250 4542 ¹Jouis
278 4451 435 4529 similiter
463 4454 592 4529 cedunt
617 4453 781 4535 fulmins.
833 4446 1045 4544 Hujusmodi
1061 4497 1077 4532 ‚.
1107 4442 1195 4520 seve
1302 4518 1304 4526 .

790 4547 894 4630 lfa
