3175 5434
319 459 1055 533 uuveunurouurru·1r.
1112 463 1196 551 257

155 592 304 668 includit
321 617 422 665 cavea
444 617 487 664 ex
512 591 634 664 arbore
665 597 781 686 picea,
819 589 937 670 multis
959 595 1197 672 voluminibus

155 693 255 768 suum
267 715 394 786 corpus
415 695 690 784 intorquentem.

133 929 162 977 ς
201 908 289 984 425.
318 891 470 982 Oportet
488 905 604 962 autem
623 889 743 982 ajugo
760 887 902 982 quidem
916 893 1035 966 acclivi
1053 895 1195 968 &mom
1247 959 1250 966 .

155 1005 189 1062 te
208 995 336 1083 agitare
354 994 591 1081 procurrentia
606 991 765 1080 pernicia
777 1013 900 1082 genera
918 991 1095 1084 leporum,
1111 1017 1193 1068 con-

156 1105 305 1166 travero
325 1088 472 1160 declivia
488 1086 632 1160 solerter
653 1086 841 1180 impellere.
884 1090 969 1162 Ilico
990 1097 1105 1176 enim,
1130 1094 1195 1166 ubi

87 1211 88 1218 ¹
159 1210 257 1261 tanes
275 1192 308 1262 ἃ
325 1207 508 1260 venatores
521 1185 776 1281 conspicuum,
804 1189 845 1260 ad
865 1191 986 1260 collem
1003 1197 1094 1264 reela
1110 1217 1193 1266 con-

158 1287 325 1360 tendunt:
355 1287 443 1360 bene
456 1291 551 1360 enim
570 1286 706 1369 sciunt,
732 1287 827 1380 quod
847 1289 917 1360 illis
932 1289 1033 1381 pedes
1044 1295 1193 1364 anterio-

157 1411 212 1459 res
246 1389 425 1460 breviores
452 1385 543 1461 sunt.
601 1387 725 1481 Itaque
750 1383 870 1459 faciles
907 1387 1081 1482 leporibus
1109 1387 1191 1464 suut

157 1489 285 1576 colles,
308 1484 423 1561 faciles
438 1485 635 1582 (inquam)
653 1489 854 1578 leporibus,
889 1484 1046 1562 difficiles
1066 1495 1192 1584 equiti·
1245 1485 1248 1495 ’

156 1587 233 1660 bus.
264 1589 428 1680 Inprimis
446 1587 569 1662 devita
586 1590 660 1658 vias
679 1589 776 1658 tritas
796 1589 829 1659 u
846 1583 1000 1671 semitas,
1023 1591 1107 1662 &in
1117 1589 1190 1662 solo

158 1693 325 1760 vervacto
370 1691 471 1780 agita.
548 1685 752 1780 Expeditius
782 1689 875 1758 enim
903 1704 1049 1762 currunt
1082 1692 1121 1764 in
1142 1687 1190 1761 se·
1258 1689 1312 1770 [⁷
1372 1734 1375 1741 -

156 1792 253 1860 mitis
292 1785 438 1880 pedibus
483 1785 654 1868 levibus,
704 1781 762 1856 sed
792 1787 949 1858 interra
984 1805 1075 1861 arata
1106 1787 1191 1861 faci.

155 1889 187 1958 le
210 1883 406 1960 offendunt
456 1887 579 1960 llistate
605 1909 698 1973 vero
716 1883 960 1978 ingravescunt
986 1887 1114 1980 pedes,
1155 1891 1190 1963 lic

155 1985 279 2060 hiemis
304 2006 460 2080 tempore
483 1987 627 2059 crurum
646 2003 747 2057 tenus
768 1986 938 2057 exitialem
958 1987 1128 2080 crepidam
1141 1983 1189 2058 fe-

87 2120 88 2131 *
155 2107 249 2160 runt.
296 2086 405 2177 Quod
425 2083 575 2180 flagitas
595 2109 776 2178 capream,
804 2104 924 2158 caveto
946 2085 1081 2180 nepost
1100 2087 1189 2159 mul.

155 2204 251 2271 tum,
271 2187 473 2280 prolixum,
496 2190 712 2281 longumque
731 2181 887 2268 cursum,
908 2189 947 2257 in
971 2185 1041 2258 line
1062 2188 1192 2261 laboris

154 2290 298 2381 paulum
316 2283 527 2380 requiescat,
556 2284 764 2358 &exilibus
782 2288 919 2358 urinam
938 2285 1067 2362 reddat.
1096 2289 1190 2361 Nam
1280 2317 1282 2325 ¹

155 2394 285 2480 capreis
306 2391 475 2480 praecipue
496 2376 651 2458 curlibus
670 2388 708 2455 in
728 2382 849 2455 mediis
870 2381 980 2456 velita
995 2402 1110 2480 turget
1128 2411 1189 2457 na.

154 2490 257 2560 turali
283 2490 393 2558 urinae
411 2486 522 2557 imbre
553 2503 712 2579 gravata,
747 2486 779 2554 ἃ
800 2484 859 2554 ilia
877 2483 919 2554 ad
940 2510 1058 2556 coxam
1079 2483 1188 2578 usque

153 2585 345 2661 subfidunt.
373 2585 480 2676 Qrod
497 2584 522 2657 fi
544 2585 686 2678 paulum
699 2581 895 2675 respirarint
911 2583 1096 2658 exanhelis
1112 2582 1187 2659 fau-

152 2689 273 2771 cibus,
300 2686 413 2758 multo
428 2691 646 2780 vegetiores,
672 2681 919 2776 celeriorelque
944 2680 1058 2768 liunt,
1085 2688 1185 2780 geni-

151 2788 217 2862 bus
235 2785 462 2882 agilioribus,
490 2785 624 2858 &ertis
642 2779 845 2854 levioribus.

198 3000 287 3077 448.
317 2931 469 3078 Vulpem
485 3007 570 3056 vero
589 3007 655 3055 nec
671 2981 803 3075 laqueis
825 2981 975 3073 ceperis,
1002 3001 1115 3073 neque
1131 2968 1185 3052 re·¹

150 3084 265 3168 tibus,
303 3108 417 3178 neque
436 3081 591 3159 callibus.
629 3084 716 3173 mira
734 3085 828 3154 enim
854 3079 988 3154 solertia
1009 3079 1107 3154 dolos
1124 3077 1184 3152 de·

150 3183 360 3278 prehendit,
393 3179 559 3274 funesque
580 3179 774 3254 dissecat&
804 3180 914 3253 nodos
943 3177 1111 3264 difforme,
1139 3193 1184 3252 ut·

152 3285 287 3358 callidis
309 3280 489 3356 fraudibus
506 3299 655 3353 mortem
675 3281 806 3354 evadat.
828 3370 831 3376 Ι
851 3281 986 3354 Verum
1008 3302 1107 3364 canes
1130 3279 1184 3352 illi
1225 3295 1228 3301 '
1318 3293 1320 3296 ’
1373 3335 1376 3348 .

87 3418 88 3425 ¹
151 3386 353 3457 immittunt
363 3379 583 3476 frequentes,
603 3382 671 3474 ,qui
686 3397 803 3453 tamen
814 3384 971 3476 quamvis
984 3377 1090 3455 validi
1105 3402 1181 3460 nort

153 3479 221 3559 line
245 3481 415 3581 sanguine
437 3479 535 3556 facile
551 3505 627 3554 eam
640 3477 818 3577 subigunt.

354 3695 357 3705 '
469 3691 608 3789 Reliqua
622 3688 860 3784 defiderontur.
