3175 5434
120 437 122 444 ’
191 549 196 560 ,
269 455 1018 545 ἰιιιίιιιιτιοιιιιιιιι
1106 483 1191 564 205
1257 420 1262 433 ’

100 569 103 576 ¹
144 603 241 685 nis?
282 623 344 680 aut
371 605 484 676 larum
508 627 589 677 cum
612 606 722 697 capris
749 600 1000 695 sylvestribus,
1033 625 1095 681 aut
1116 594 1191 685 cete

144 705 268 781 omnia'
291 731 372 780 cum
397 703 609 796 elephanto?
643 719 829 775 venatores
860 704 963 798 lupos
988 712 1187 796 perimunt.

141 809 304 901 thynnos
319 829 406 877 vero
420 801 620 897 piscatores.
641 801 849 896 praedatores
860 803 1186 903 oves(sy1vestres).
1285 882 1289 893 .

143 907 324 982 columbas
340 907 483 998 capiunt
500 903 637 976 calamis
648 918 881 1020 aucupantes.
908 901 1028 997 ιιιιιιιιι
1042 927 1187 980 venato·

142 1033 225 1091 res,
252 1012 285 1080 u
307 1025 527 1095 mormyrum
548 999 750 1096 piscatores·
777 1004 1014 1096 tigrinautem
1033 1010 1187 1100 equites,

146 1112 180 1181 dc
200 1109 325 1178 mullos
343 1103 549 1197 piscatorese
575 1126 697 1198 aprum
713 1100 952 1196 vestigatores,
979 1105 1187 1183 &luscinias

143 1204 241 1280 visto
262 1204 429 1278 fallentes.
456 1203 591 1274 Verum
611 1223 650 1275 ru
668 1199 776 1282 mihi,
801 1205 951 1292 Nereu,
981 1208 1079 1278 &dii
1102 1211 1185 1282 Am

91 1335 92 1340 ¹
145 1305 326 1400 phitrites,
348 1308 382 1377 tt
402 1325 485 1379 aves
503 1307 695 1375 amantium
707 1301 895 1390 Dryadum
913 1321 1022 1377 coctus
1039 1310 1184 1400 propitii

143 1403 226 1480 litis.
285 1408 425 1498 Qtippe
450 1399 598 1474 vicissim
632 1425 688 1472 me
726 1425 812 1472 caree
839 1419 969 1474 vocant
1000 1429 1183 1494 camoenae,

143 1507 255 1579 &diis
273 1503 426 1578 serarum
442 1499 674 1576 vastatoribus
692 1497 880 1574 conversus
895 1527 938 1576 eo
954 1522 1146 1580 canotum.

190 1695 251 1768 81·
275 1685 431 1760 Primum
442 1677 586 1778 quidem
596 1676 829 1755 adolescentes
843 1705 891 1755 ne
906 1681 1105 1761 mrlnvelde
1116 1687 1184 1761 ob-

141 1781 184 1857 esi
204 1782 322 1858 sunto.
357 1786 486 1858 etenim
516 1785 609 1855 inter
635 1779 795 1876 scopulos
831 1782 1059 1860 conscendere
1077 1792 1182 1863 valde

90 1937 92 1940 -
137 1888 317 1983 ingentem
334 1905 465 1978 equum
479 1876 608 1956 neceffe
627 1881 693 1953 est:
728 1905 817 1998 opus
839 1907 945 1976 porro
956 1883 1075 1960 fossam
1088 1886 1182 1963 saltu

136 1981 322 2078 sdpcrare:
362 1982 595 2076 saepenumero
619 1983 722 2054 etiam
746 1985 786 2054 in
812 1985 1018 2060 nemoribus
1046 1973 1180 2061 necesse

136 2080 246 2158 seram
258 2082 398 2167 sedlarr
418 2082 579 2178 genubus
589 2081 714 2176 agilem
729 2083 763 2154 ἃ
777 2081 914 2158 levibus
928 2086 1086 2160 artubus.
1109 2090 1180 2162 Ita

133 2211 204 2278 que
224 2209 269 2258 ne
288 2181 383 2256 obest
409 2183 453 2255 ad
471 2183 670 2255 venationis
694 2199 869 2256 certamen
888 2204 994 2266 eant,
1028 2189 1179 2281 nequid

133 2289 292 2379 graciles.
321 2287 450 2357 etenim
476 2282 664 2400 aliquando
685 2282 848 2356 dimicare
870 2309 951 2358 cum
972 2281 1056 2358 feris
1076 2286 1179 2362 belli·

109 2448 112 2454 ,
133 2383 221 2458 tofis
240 2381 371 2458 necesse
391 2383 589 2456 venationis
616 2379 807 2455 studiosum
831 2383 962 2458 virum.
1021 2387 1177 2461 Proinde

131 2485 223 2558 mihi
245 2509 390 2580 corpore
405 2483 449 2557 bc
468 2501 658 2578 temperato
682 2500 762 2554 eant
778 2481 1002 2576 (venatum),
1013 2473 1124 2560 fimus
1139 2491 1177 2562 dr

130 2588 247 2658 veloci
264 2586 308 2658 ad
324 2583 556 2667 currendum,
575 2586 609 2654 ιιι
621 2578 706 2655 sorti
719 2581 1020 2657 addimicandum.
1073 2589 1175 2678 Qrin

130 2691 236 2759 etiam
263 2684 382 2758 dextra
404 2683 548 2778 quidem
572 2682 714 2754 vibrent
740 2682 854 2775 jacula
884 2687 1022 2778 gemina
1053 2685 1173 2780 longa.

129 2785 248 2860 ensem
264 2805 379 2860 autern
398 2783 594 2857 saltatum
583 2806 623 2854 ιιι
643 2779 758 2854 medio
779 2785 948 2878 cingulo,
982 2784 1112 2876 quibus
1135 2789 1173 2860 de

126 2885 211 2960 seris
228 2887 389 2958 acerbam
407 2903 556 2956 mortem
571 2880 740 2964 inserant,
769 2886 803 2956 ἃ
820 2882 1063 2957 maleficorum
1083 2881 1168 2958 iuli.

126 2987 201 3060 dias
216 2987 402 3059 hominum
418 2980 629 3078 propulsent
666 2981 894 3057 Laevaautem
905 2984 1008 3078 pedes
1026 2986 1171 3078 quidem
1219 2985 1222 2991 ’

125 3088 232 3160 ducat
248 3095 368 3167 canes,
392 3109 496 3178 eques
516 3107 600 3155 vero
619 3107 791 3182 equorum
808 3103 903 3178 regat
918 3087 1166 3160 moderatrices

123 3185 292 3261 habenas.
342 3185 509 3277 Expedite
527 3202 642 3256 autem
658 3187 813 3256 tunicam
836 3187 1042 3278 &genuum
1063 3204 1170 3268 tenus
1198 3243 1205 3247 -

124 3287 296 3359 astridlam
310 3285 414 3378 gestet
422 3312 434 3364 ι
447 3287 672 3356 connedlatur
686 3301 801 3358 autem
812 3285 954 3358 alternis
963 3287 1066 3358 loris:
1095 3303 1170 3362 cer.

124 3391 214 3460 vicis
231 3387 315 3458 dein
330 3411 373 3458 ex
388 3401 535 3476 utraque
553 3407 649 3476 parre
674 3383 866 3475 pendulum
884 3411 903 3456 e
920 3386 1082 3459 manibus
1096 3390 1170 3481 pel.

122 3489 213 3560 lium
227 3485 449 3559 constridtum
459 3482 584 3555 habeat
594 3507 705 3575 pone,
727 3484 861 3558 validos
872 3482 973 3576 super
987 3485 1168 3570 humeros,

121 3584 317 3659 faciliorem
332 3586 372 3656 ad
389 3583 562 3657 laborem.
589 3585 694 3654 nudis
711 3601 827 3656 autem
841 3585 988 3678 pedibus
1004 3586 1170 3671 incedant

121 3688 189 3770 illi,
210 3687 340 3779 quibus
356 3683 496 3777 vestigia
512 3707 602 3754 curae
616 3681 696 3755 sunt
711 3669 856 3756 obscura
870 3681 1041 3776 serarum,
1065 3705 1107 3760 ut
1122 3712 1168 3762 ne

119 3784 205 3860 seris
214 3811 259 3857 ex
270 3785 382 3859 oculis
397 3781 556 3856 somnum
567 3783 694 3854 adimat
708 3783 868 3901 strepitus
879 3789 1079 3860 attritorum
1089 3811 1168 3880 per

119 3886 262 3960 nioibus
280 3884 344 3958 sub
365 3880 510 3978 pedibus
532 3885 743 3956 calceorum.
769 3887 1166 3983 omninoveropallium

118 4013 194 4061 non
207 3985 338 4058 habere
350 3985 460 4056 multo
473 3981 575 4056 satius
594 3984 660 4056 est·
685 3985 765 4076 quia
780 3989 922 4079 pallium
931 3985 1168 4079 saepenumero
1289 4072 1306 4088 .

90 4079 91 4082 ¹
117 4109 258 4164 motum
274 4083 357 4158 llatu
374 4082 638 4156 increbescentis
653 4089 773 4167 venti,
801 4085 891 4158 seras
907 4084 1163 4188 perterrefacit.

118 4191 311 4262 exilierunt
335 4202 452 4256 autem
481 4185 523 4256 ad
545 4181 761 4277 fugiendum.
822 4190 877 4259 Sic
904 4170 1048 4281 quidem
1073 4187 1163 4258 bene

118 4285 349 4406 compositum
366 4281 514 4357 habeant
532 4285 636 4355 velox
662 4310 786 4382 corpus
809 4304 1003 4366 vertatores.
1055 4285 1164 4360 Tales

118 4395 217 4468 ιιιιιιι
230 4404 324 4464 amet
342 4387 457 4487 Diana
469 4386 662 4481 Jaculamx.

749 4534 815 4612 Co
840 4555 863 4636 ι
