3175 5434
514 513 872 580 onustato.
1121 493 1210 602 xvij

169 643 244 706 forte
260 663 298 706 ex
309 643 444 706 editione
460 643 566 706 bodini
580 646 844 719 commemoravit,
865 654 901 708 ut
919 645 994 708 adeo
1016 643 1155 723 suspicari
1177 643 1212 707 li·

82 769 83 772 ¹
168 761 233 810 ceat
248 759 354 810 omnes
360 747 503 812 lectiones
517 748 588 812 inde
601 749 657 811 elle
666 749 828 823 derivatas,
851 769 920 827 quas
930 752 974 812 vir
990 746 1093 826 aliquis
1107 749 1211 810 <locius

166 852 217 913 libi
237 853 378 930 probatus
396 856 520 932 margini
530 853 641 914 lildinae
658 855 838 930 appinxerat
881 833 1016 916 Profedlo
1035 873 1106 914 vero
1116 854 1212 931 poeni·

165 965 210 1018 tet
226 975 275 1017 me
287 955 411 1024 adhuc,
436 969 577 1034 quantum
601 959 631 1018 in
656 957 807 1018 tractando
832 959 963 1021 carmine
986 959 1025 1020 de
1047 959 1230 1028 venatione-

167 1062 345 1135 conjecturis
359 1063 388 1122 dc
406 1058 615 1138 suspicionibus
633 1062 830 1138 profecerim,
860 1075 895 1123 ut
914 1062 1039 1140 vulgatae
1056 1081 1073 1122 a
1089 1061 1212 1124 Ritters·

81 1215 83 1240 :
164 1162 246 1226 husto
265 1163 402 1226 lectionis
419 1165 602 1226 autoritatem
618 1164 708 1242 usque
723 1165 835 1244 allitpe
848 1168 1048 1243 exquirerem,
1070 1167 1210 1242 quoniam

80 1285 81 1298 ³
164 1269 274 1343 invitus
294 1269 375 1330 libris
393 1269 438 1330 eis'
449 1270 543 1342 carui,
566 1287 689 1346 quorum
700 1267 753 1330 usu
766 1268 840 1344 mihi
853 1270 982 1332 constare
989 1270 1210 1349 poterat,unde

163 1373 306 1450 quicquid
316 1373 353 1434 ab
367 1393 406 1434 eo
423 1374 595 1436 innovatum
613 1374 860 1450 immutatumque
872 1374 970 1437 fuerit.

244 1478 291 1539 Ex
305 1477 412 1540 eadem
426 1479 486 1538 viri.
501 1476 614 1538 illustris
638 1477 817 1538 bibliotheca
836 1478 1023 1542 adhibuimus
1037 1476 1210 1555 exemplum

165 1579 304 1640 editionis
324 1580 559 1668 Rittershufianae
575 1581 678 1642 critica
698 1583 850 1661 francisci
871 1585 974 1644 Goierr'
987 1601 1076 1643 manu
1099 1596 1211 1659 pertra-
1266 1627 1273 1633 -

165 1685 296 1757 ilatum,
320 1704 337 1744 a
356 1705 414 1761 quo
428 1683 559 1763 plurimae
575 1683 715 1746 ledliones
734 1688 877 1763 argute&
892 1686 1041 1764 ingeniose
1061 1689 1211 1764 excogita·

78 1799 81 1852 ἶ
164 1799 200 1849 tae
221 1789 253 1848 in
268 1788 398 1850 nostram
422 1789 583 1850 editionem
601 1789 782 1852 transrerunt.
833 1788 974 1869 Magnam
998 1801 1099 1852 tamen
1128 1811 1209 1852 com·
1243 1808 1246 1812 ’

78 1939 79 1978 3
164 1891 336 1954 mentorum
363 1893 460 1955 Guieti
484 1906 598 1971 partem
626 1889 713 1970 plane
732 1893 884 1955 omihmus
901 1939 910 1968 ,
929 1913 992 1972 quo
1009 1896 1158 1956 memoriae
1179 1898 1208 1957 dt

162 1996 249 2058 famae
263 1998 321 2059 viri
340 1995 511 2072 doenum,
534 1997 638 2076 quibus
653 1998 714 2076 ipse
730 2011 871 2059 tantuma
885 1997 1015 2060 Salmasri
1025 1996 1208 2076 aliorumque

163 2101 220 2162 suae
235 2103 328 2162 atatis
350 2103 481 2166 virorum
497 2103 654 2164 doctorum
679 2104 790 2178 judicio
807 2103 946 2175 timebat,
970 2113 1005 2162 ut
1028 2103 1111 2163 vivus
1133 2100 1208 2164 nihil

77 2211 81 2216 '
163 2205 339 2283 scriptorum
360 2205 479 2266 suorum
493 2206 672 2284 prodiderit,
696 2219 838 2283 quantum
849 2207 970 2284 quidem
984 2207 1014 2265 in
1030 2187 1115 2266 nobis
1127 2206 1206 2280 ellet,

164 2309 395 2372 consuleremus.
444 2308 513 2372 Erat
536 2312 616 2372 enim
641 2312 673 2370 in
692 2331 728 2374 eo
744 2313 807 2374 viro
828 2329 935 2387 magna
961 2308 1114 2384 judicandi
1137 2310 1206 2382 vis,

76 2415 77 2418 ’
164 2433 305 2492 magnum
321 2414 432 2490 ingenii
447 2433 589 2488 acumen,
611 2416 692 2491 quod
715 2407 933 2477 commentariis
959 2413 991 2472 in
1016 2413 1206 2484 Terentium,

76 2549 77 2588 ι
163 2521 226 2590 aJ.
241 2517 284 2582 H.
304 2519 440 2580 Boeclero
451 2518 484 2578 in
497 2518 556 2595 ipsa
574 2518 631 2580 hac
650 2521 767 2583 civitate
788 2516 916 2597 primum
931 2516 993 2595 post
1013 2519 1075 2592 ejus
1093 2516 1208 2578 obitum

76 2685 78 2710 ,
164 2623 265 2699 editis,
290 2623 423 2700 inprimis
435 2629 503 2684 vero
519 2623 692 2701 indagandis
710 2645 811 2704 graecae
827 2627 855 2685 dc
878 2621 975 2684 latina
994 2621 1101 2699 linguae
1122 2622 1207 2698 origi-

76 2714 77 2742 *
163 2727 249 2788 nibus
265 2725 429 2804 spedtatum
444 2726 543 2801 dedit;
565 2727 616 2789 sed
629 2729 660 2788 in
674 2727 831 2790 tractandis
849 2739 983 2788 veterum
995 2737 1131 2786 autorum
1140 2724 1207 2785 scri·

76 2880 77 2914 ,
162 2832 219 2910 ptis
232 2831 351 2908 'judicio
369 2828 422 2892 suo
432 2829 582 2907 sensuique
600 2833 708 2912 animi,
730 2852 788 2909 quo
803 2832 873 2908 quid
887 2829 1025 2908 pulcrum
1033 2831 1207 2905 rectumque

76 2939 77 3003 ἶ
162 2937 193 2995 in
210 2935 313 3012 quavis
325 2934 457 2996 oratione
467 2933 712 3013 fit‚percipimus,
722 2949 838 2998 tantum
847 2937 918 3011 juris
925 2933 1109 3011 licentiaque
1116 2932 1208 3000 anbi-

163 3039 260 3101 tiolrus
270 3015 425 3115 arrogavit,
435 3051 469 3099 ut
480 3058 549 3100 cunr
564 3040 595 3099 in
604 3039 667 3100 aliis
680 3042 793 3116 puetis,
804 3040 916 3117 quosin
930 3040 990 3101 vita
1000 3040 1063 3113 ejus
1079 3056 1209 3100 comme·

162 3157 259 3205 morat
275 3147 353 3207 Ant.
372 3144 551 3218 Periander,
564 3156 628 3205 tum
644 3164 714 3206 vero
722 3145 854 3222 inprimis
865 3144 1046 3222 inOppiano
1067 3141 1209 3220 plurimos

162 3249 278 3322 versus,
302 3257 456 3322 totumque
471 3247 546 3308 adeo
561 3245 668 3308 librum
684 3248 721 3310 de
735 3247 895 3310 Piscatione
912 3259 1071 3325 quartum,
1097 3245 1209 3322 spurios
1240 3239 1244 3242 ’

76 3421 77 3424 ¹
162 3353 360 3431 pronunciare
375 3349 459 3412 ausus
476 3351 533 3424 srt,
554 3371 626 3428 quos
645 3369 734 3413 nemo
748 3349 821 3414 alius
837 3351 925 3413 facile
941 3350 1126 3428 quantumuis
1147 3369 1211 3410 nro·

162 3457 215 3518 rost
230 3454 400 3518 &difficilis
417 3455 519 3529 judicii
531 3455 633 3518 censor
650 3454 797 3534 suspectos
814 3454 959 3516 habuerit.
1009 3453 1046 3515 In
1060 3455 1210 3515 mutandis

76 3613 77 3616 ,
161 3581 232 3624 vero
248 3563 277 3622 ἃ
295 3559 476 3635 corrigendis
498 3556 593 3637 potitae
608 3561 702 3623 verbis
720 3558 870 3639 sepiffime
887 3575 981 3636 pravae
1001 3559 1112 3637 ingenii
1135 3557 1210 3619 lubi·
1242 3566 1245 3571 “

164 3666 226 3726 dini
239 3663 334 3741 magis
349 3661 514 3737 indulhlle,
538 3683 625 3741 quam
643 3664 729 3726 usum
739 3663 883 3742 loquendi
897 3664 926 3723 da
939 3682 1054 3725 morem
1064 3662 1211 3726 scribendi

164 3769 303 3848 Oppiano
321 3765 542 3844 frequentatum
558 3767 730 3831 consuluisse
748 3767 821 3830 mihi
836 3766 961 3828 videtur.

243 3872 383 3949 Sequitur
398 3883 432 3932 ut
446 3873 489 3960 ,de
507 3893 601 3950 graeca
616 3875 757 3935 Eutecnii
775 3869 941 3949 Paraphrafi
959 3871 1210 3952 Cynegeticorunr

164 3975 443 4040 &Halieuticorum
466 3977 586 4053 dicam,
610 3997 696 4054 quarn
711 3975 785 4038 olim
806 3979 894 4036 Cour.
915 3977 1061 4054 Gesnerus
1080 3967 1212 4036 Venetiis

161 4081 241 4160 apud
265 4077 435 4141 Arnoldum
457 4078 630 4158 Paraxylum
647 4079 799 4142 Arlenium
814 4098 884 4140 cum
900 4079 1042 4141 Nicandri
1059 4077 1211 4139 Theriacie

162 4182 456 4261 &Alexipharmacis
473 4203 533 4243 uno
553 4180 1131 4261 voluminecomprehensam,adscripto
1147 4179 1211 4242 ubi-

75 4325 76 4328 *
163 4311 216 4369 que
232 4289 382 4350 Eutecnir'
397 4287 535 4360 nomine,
550 4299 743 4364 preterquam
757 4289 789 4349 in
797 4288 947 4359 Ixeuticis,
956 4285 985 4346 se
998 4281 1098 4346 vidille
1113 4297 1211 4346 narrat

162 4397 192 4456 in
210 4389 404 4456 Bibliotheca
432 4388 484 4451 sub
505 4389 601 4452 littera
619 4392 646 4452 0
664 4395 692 4452 ἀ
708 4391 741 4452 Ε.
775 4392 854 4457 Hinc
869 4388 925 4461 est,
969 4387 1049 4465 quod
1072 4387 1152 4448 idem
1166 4387 1211 4449 vir

163 4497 343 4566 dedissem
369 4492 478 4559 eodem
502 4493 570 4559 loco
586 4494 784 4575 suspicabatur
805 4492 1006 4556 lxeuticorum
1026 4487 1211 4569 Paraphrabas

763 4595 879 4675 ullu
944 4648 949 4665 .
