3175 5434
360 467 448 552 '290
705 417 1065 530 narraui
1497 483 1499 522 1

365 603 506 693 cipitem
522 595 668 677 evertit,
705 598 739 668 de
757 597 861 690 largis
882 594 1096 670 flammatum
1115 590 1289 666 imbribus
1302 589 1398 664 saxo.
1497 575 1499 668 l

367 722 516 792 rumque
544 695 689 787 iactibus
717 692 886 768 afflittum
908 695 1136 768 conculcavit.
1156 693 1261 768 -lnde
1281 696 1398 766 etiam·
1498 689 1499 702 ¹

368 799 586 882 numlitoris
611 817 672 868 ota
690 793 899 888 Typhaonia
924 793 1014 868 caede
1039 793 1154 868 rubet
1192 796 1250 868 Tu
1273 793 1400 886 igitur,

370 899 527 974 Mercuri
553 891 755 989 ingeniose,
783 917 889 989 quem
913 890 1095 986 piscatores
1116 895 1278 986 inprimis
1299 915 1403 965 vene·

369 1015 512 1078 rantur,
545 1019 625 1068 cum
645 995 790 1086 reliquis
812 990 1019 1086 piscatorum
1045 992 1112 1066 diis
1139 1008 1284 1068 vocatus
1316 987 1402 1064 mihi
1498 993 1499 1066 3

370 1093 484 1180 adfis,
509 1093 593 1168 dum
609 1095 773 1196 carminis
791 1095 859 1168 iter
875 1092 1064 1186 ingredior.
1498 1101 1499 1138 ³

419 1330 483 1397 29.
506 1309 663 1380 Primum
677 1301 823 1398 piscator
834 1299 886 1376 sit
902 1304 1059 1396 corporis
1077 1301 1201 1375 habitu
1217 1303 1408 1379 robusto&
1495 1277 1499 1378 i

372 1409 473 1501 agili,
499 1410 593 1481 inter
608 1404 902 1498 pinguedinem&
919 1407 1065 1476 maciem
1080 1402 1158 1489 med
1175 1427 1216 1485 o,
1241 1401 1407 1496 utpisces,

376 1511 506 1601 quibus
524 1505 634 1578 robur
649 1506 802 1598 ingens,
829 1502 912 1576 dum
932 1507 973 1575 in
989 1499 1065 1576 sinu
1083 1499 1196 1575 adhuc
1211 1508 1316 1576 maris
1333 1526 1411 1576 ver,
1497 1511 1499 1580 l

374 1607 513 1690 santur,
538 1604 647 1685 inest,
669 1606 781 1678 vidos
799 1602 978 1676 extrahere
998 1605 1134 1684 valeat,
1159 1619 1343 1697 petrasque
1359 1599 1411 1674 sa.
1498 1585 1499 1648 l

377 1709 438 1780 cili
453 1704 540 1778 saltu
558 1701 723 1797 superet,
746 1707 801 1793 dc,
829 1699 855 1774 si
871 1706 1010 1797 vigente
1032 1725 1135 1796 opere
1156 1700 1239 1775 usus
1251 1705 1410 1784 venerit,

376 1809 482 1880 maris
507 1806 631 1877 duduc
646 1799 789 1885 subeat,
816 1805 997 1896 imumque
1013 1801 1163 1876 fundum
1185 1802 1411 1896 pervestiget,
1498 1795 1499 1852 l

378 1905 500 1998 ibique
518 1902 630 1975 labori
648 1905 805 1976 intentus
826 1903 937 1975 veluti
962 1906 1001 1974 in
1026 1921 1117 1977 terra
1145 1906 1272 1975 morari
1295 1899 1408 1996 possit.
1498 1899 1499 1992 s

378 2007 507 2078 Animo
530 1999 571 2074 fic
594 2005 627 2074 dc
653 2001 818 2093 prudenti
846 2000 1017 2076 &solerti
1029 2031 1040 2085 ς
1070 2006 1166 2075 varia
1190 2006 1285 2075 enim
1305 1999 1411 2094 pisces

380 2098 707 2184 comminiscuntur,
740 2118 782 2174 ut
798 2102 888 2192 capti
915 2101 997 2173 dolo
1021 2100 1210 2175 elabantur.
1244 2105 1414 2176 Praeterea

377 2201 491 2276 audax
501 2196 543 2272 stt
560 2217 714 2295 oportet,
743 2199 1003 2292 &intrepidus,
1029 2206 1215 2296 ventrique
1236 2205 1269 2274 δι
1290 2197 1412 2272 somno

380 2296 571 2396 temperati
590 2317 689 2372 acute
703 2299 840 2380 videat,
868 2296 1018 2372 &facilc
1038 2326 1116 2374 cum
1134 2300 1264 2396 frigora
1288 2298 1413 2372 hiemis
1498 2291 1499 2368 l

380 2421 460 2475 tum
468 2395 884 2476 aestatisservoremscrat.
912 2400 1075 2492 Inprimis
1087 2402 1215 2474 laboris
1223 2424 1342 2472 amans
1355 2397 1411 2480 liti

379 2506 429 2575 ita
442 2501 726 2577 enimMercurio
736 2515 896 2594 acceptus
910 2495 1046 2577 felicem
1058 2501 1201 2584 habebit
1222 2519 1410 2596 capturam.

428 2733 488 2806 50.
515 2714 659 2805 Optime
685 2734 746 2805 per
760 2710 910 2785 aestatem
929 2711 1070 2806 piscatio
1094 2737 1194 2787 mane
1211 2715 1243 2788 &
1261 2710 1414 2806 vesperi,

380 2837 443 2909 per
458 2813 609 2884 hiemem
626 2834 709 2884 vero
727 2806 797 2884 sole
818 2815 994 2886 exoriente
1007 2815 1200 2888 instituitur
1210 2842 1222 2894 3
1260 2837 1343 2886 vere
1358 2835 1415 2906 per

382 2929 499 2986 totum
522 2910 615 2984 diem
636 2928 814 3004 capturam
835 2913 1013 2988 exercebis
1045 2938 1124 2990 curn
1149 2911 1287 2987 fruuu:
1330 2930 1449 2986 runca

260 3037 274 3056 ⁸
380 3015 474 3086 euim
490 3034 594 3084 omne
613 3007 757 3102 piscium
774 3035 884 3104 genus
902 3017 1041 3088 veneris
1054 3013 1241 3108 eupiditate
1258 3017 1419 3106 &partus

381 3110 563 3186 doloribus
578 3107 622 3181 ad
639 3112 741 3184 litora
756 3114 904 3187 nauum
922 3113 1063 3190 accedit.
1091 3117 1248 3190 Ventum
1259 3113 1419 3186 observa·

380 3229 420 3284 to
434 3213 627 3303 benignum
644 3207 864 3301 &serenum,
881 3216 943 3306 qui
957 3237 1049 3288 mare
1066 3239 1140 3288 non
1156 3215 1261 3290 ninais
1282 3209 1420 3306 exaspe-

380 3327 457 3392 ret;
491 3313 619 3382 timent
634 3307 729 3382 enim
750 3330 940 3404 ventorum
959 3315 1164 3388 violentiam
1183 3313 1321 3409 pisces,
1354 3336 1422 3386 nec

377 3409 512 3485 audent
526 3425 612 3482 tunc
634 3410 674 3481 in
689 3406 864 3484 summum
882 3435 975 3486 mare
997 3415 1169 3508 progredi.
1217 3417 1311 3488 Cum
1333 3437 1420 3486 vero

384 3511 589 3586 elementior
608 3530 693 3580 aura
705 3507 906 3602 spiraverit,
935 3537 1059 3586 omnes
1078 3511 1178 3588 simul
1195 3530 1317 3587 contra
1335 3537 1421 3586 ven·

382 3630 439 3687 tos
461 3610 638 3704 marisque·
651 3607 774 3682 lanus
799 3629 958 3685 natantes
981 3613 1025 3684 ad
1048 3615 1151 3688 litora
1174 3615 1350 3697 tendunt,
1373 3617 1424 3686 ita

385 3715 481 3785 enim
493 3707 690 3801 faciliorem
700 3707 832 3785 habent
851 3715 965 3796 viarm
991 3737 1056 3787 neo
1075 3737 1169 3792 cosa
1184 3731 1283 3808 tergo
1296 3715 1423 3809 ingru-

385 3835 449 3884 ens
479 3826 607 3884 ventus
638 3808 795 3884 turbatos
832 3812 981 3889 divexat
1039 3815 1152 3909 Igitur
1175 3811 1324 3906 piscator
1350 3827 1423 3888 rete

271 3905 282 3914 ²
381 3927 574 3985 uentorum
593 3907 731 3982 flatibus
745 3910 930 3993 obtendat,
960 3915 1008 3986 ita
1024 3916 1186 4008 quidem,
1214 3933 1254 3986 ut
1270 3913 1423 3988 humido

380 4008 533 4104 spirante
548 4007 684 4091 austro,
708 4009 844 4094 boreae,
869 4010 976 4086 borea
990 4011 1110 4100 llante,
1137 4014 1270 4110 austrp,
1301 4019 1424 4111 ingru-

384 4128 465 4185 ente
478 4135 581 4192 euro,
595 4106 774 4201 zephyro,
797 4112 948 4206 denique
963 4111 1124 4208 surgente
1142 4113 1319 4206 zephyro,
1338 4138 1423 4188 euro

378 4209 513 4286 ‘obvius
531 4213 569 4284 in
585 4206 708 4301 scapha
726 4230 870 4306 pergatr
905 4210 952 4286 fic
968 4219 1061 4288 eninr
1084 4217 1263 4304 innumeri
1278 4215 1425 4312 piscium
1443 4303 1445 4305 ,

382 4328 572 4390 occurrent
585 4333 729 4406 greges,
755 4316 791 4388 ie
806 4309 892 4388 felix
908 4311 1071 4410 obtinget
1091 4322 1244 4422 camina.
