3175 5434
153 480 156 488 =
221 427 225 430 ’
326 429 1067 536 υεριεοιτῐοηεῐῐθ.ιν.
1128 454 1214 560 305}

86 675 97 689 μ
174 589 293 688 gaudii
313 611 519 686 argumento
539 597 710 670 lambente
736 621 809 670 nec
828 595 1051 694 aspernantur
1074 625 1129 674 eas
1151 628 1207 676 ca-

85 696 94 720 ²
175 718 248 787 prae
265 711 430 788 tanquam
449 706 620 768 amantes.¹
648 697 720 772 Ubi
741 721 825 770 vero
845 721 864 770 e
882 701 970 772 mari
986 699 1056 794 jam
1077 721 1206 776 exeunt

113 882 115 887 Ι
175 818 303 911 ωριτε.
321 813 397 868 tum
413 793 501 890 sargi
518 815 702 870 moerentes
719 796 873 870 univerfi
889 800 932 871 ed
947 818 1138 874 extremum
1149 801 1209 876 us.
1308 871 1318 888 ‚

85 893 89 993 ζ
174 918 244 989 que
269 899 382 968 lttoris
401 919 475 968 mar
500 899 592 969 ‘nem
609 901 819 970 comitantur
842 899 875 972 se
898 901 1004 972 inviti
1027 897 1199 974 deserunt.

156 997 309 1068 „Verum
332 921 546 1090 perniciogsus
562 995 622 1069 hic
644 1001 694 1069 eis
717 1021 816 1071 amor
838 997 895 1071 est.
932 995 1089 1074 observat
1109 1007 1205 1074 enim

89 1160 91 1177 ‚
176 1093 321 1188 piscator
337 1097 494 1190 geminos
512 1095 670 1190 scopulos
687 1099 831 1192 angusto
848 1099 939 1190 intes
955 1123 1013 1172 eos
1031 1097 1172 1194 spatios
1196 1096 1199 1104 ’

95 1239 97 1245 -
176 1195 245 1271 lom
260 1196 491 1280 admittente,
525 1198 619 1290 quod
639 1201 742 1270 multi
762 1203 890 1291 pariter
912 1195 1000 1292 sargi
1021 1201 1199 1276 incolunt:

176 1274 259 1370 solis
278 1300 373 1369 enim
389 1295 495 1370 radiis
510 1295 695 1369 admodum
710 1298 872 1392 gaudent.
895 1298 949 1369 lbi
960 1300 1088 1390 ‘pellem
1101 1301 1203 1376 indu-

177 1411 233 1467 tus
260 1401 457 1490 caprinam,
490 1397 725 1471 eminentibus
749 1395 848 1491 supra
880 1413 983 1491 ceput
1014 1390 1200 1486 cornibus,

175 1511 312 1580 manet,
348 1502 381 1571 dr
398 1497 512 1590 injicit
528 1501 567 1571 in
583 1521 676 1570 mare
695 1498 842 1570 latinam
858 1500 951 1570 carni
970 1495 1130 1594 adipique
1149 1527 1204 1573 ca.

89 1666 91 1679 ,
173 1599 284 1688 prinae
297 1601 512 1690 permixtam.
538 1599 660 1672 Alieni
676 1601 793 1692 itaque
811 1595 899 1691 sargi
914 1593 1024 1690 ipsum
1045 1624 1136 1672 mare
1146 1605 1201 1674 in.

89 1686 95 1708 ⁴
175 1692 322 1789 gressum
338 1723 400 1771 ceu
417 1721 550 1790 capram
567 1702 831 1789 amplectuntur.
860 1699 894 1770 ls
912 1721 996 1768 vero
1013 1723 1096 1771 mox
1116 1706 1203 1775 cala-

85 1788 109 1867 :¹
130 1874 134 1885 ,
174 1796 234 1867 mo
258 1797 346 1871 duro
371 1799 412 1892 (e
429 1794 1202 1887 cornoarboreAErrnuus1;32.‘exhocloeo

85 1890 93 1935 ³
173 1894 298 1988 habet)
321 1897 483 1981 extenso,
518 1901 644 1968 lineam
661 1923 680 1970 e
697 1900 770 1970 lino
790 1921 876 1970 cano
894 1896 1064 1988 demittit,
1093 1897 1204 1973 &ha-

91 1989 94 2033 ³
174 2021 233 2068 mo
254 1992 393 2069 carnem
411 1998 453 2070 de
472 1999 601 2092 ungula
621 2002 758 2092 caprina
772 1995 913 2080 inserit,
943 1997 975 2070 ἀ
999 1997 1206 2092 ηιωέῳιειιι

174 2095 462 2193 ceperitsargum,
485 2102 640 2172 celeriter
651 2124 756 2171 manu
767 2097 927 2175 extrahit.
955 2121 1035 2170 nam
1051 2097 1208 2178 fidolum
1265 2137 1272 2150 ·

86 2285 88 2290 .
174 2197 483 2271 animadverterint
508 2195 635 2292 pisces,
672 2197 772 2272 fimul
790 2223 912 2270 omnes
926 2199 1060 2292 “trepidi
1078 2199 1208 2296 refugi,

86 2304 92 2349 ἲ
172 2315 259 2370 unt:
292 2295 344 2370 sm
360 2295 448 2374 clam
464 2302 499 2372 dc
520 2299 829 2392 celeriterpergat,
865 2295 983 2370 nullus
1011 2323 1091 2371 eum
1119 2305 1207 2398 quin

88 2405 93 2469 ἔ
173 2401 329 2490 capiatur
345 2393 496 2494 effugiet.
522 2401 716 2492 Cupiuntur
735 2404 767 2472 &
784 2400 852 2468 alio
868 2397 986 2470 modo.
1024 2399 1140 2472 Mares
1152 2403 1210 2472 in.

85 2507 92 2552 ³
173 2515 227 2570 ter
253 2497 288 2571 se
307 2523 370 2592 pro
388 2499 526 2572 seminis
544 2523 653 2572 verno
676 2521 830 2591 tempore
850 2514 1010 2569 certant:¹
1035 2503 1097 2592 qui
1116 2503 1209 2572 vice-

89 2608 93 2647 ῑ
171 2601 239 2679 rit,
266 2596 359 2671 solus
378 2599 517 2672 seminis
541 2599 704 2671 omnibus
721 2601 874 2693 potitur,
903 2621 988 2690 quas
1003 2599 1041 2669 in
1055 2600 1207 2692 aliquem
1257 2647 1263 2656 ,

85 2709 93 2753 :-
171 2699 263 2774 intra
281 2716 394 2792 petras
409 2697 570 2773 recclsuln
587 2702 669 2792 agit.
693 2701 815 2790 ltaque
834 2695 980 2790 piscator
1000 2695 1208 2771 nasamam-
1251 2698 1252 2704 '

86 2810 90 2853 ³
171 2799 263 2891 plam
284 2801 521 2873 &rotundam
540 2803 578 2871 in
598 2823 691 2870 mare
708 2798 876 2891 deponit,
902 2796 1021 2870 multis
1039 2797 1128 2870 circa
1148 2802 1206 2872 in.

85 2914 89 2955 1
171 2896 322 2972 troitum
338 2904 468 3002 myrti,
499 2919 561 2973 aut
577 2901 664 2971 lauri
682 2895 799 2970 aliisve
819 2895 1002 2970 frondibus
1021 2897 1207 2972 obumbra..

88 3014 90 3019 '
171 3015 262 3078 tenu·
293 3004 326 3072 &
348 3026 427 3077 cum
444 3004 578 3093 peradlo
596 3002 781 3072 certamine
805 2999 921 3070 vidior⁴
940 2998 1064 3092 aliquis
1077 2999 1203 3090 evasit,

86 3114 90 3157 Ξ
171 3124 254 3172 mox
274 3095 420 3174 seminas
440 3125 562 3173 omnes
581 3101 621 3172 in
642 3095 774 3179 nesam,
787 3123 851 3170 ceu
872 3099 1013 3190 aliquod
1032 3117 1137 3192 petrae
1159 3102 1207 3172 la.

172 3199 327 3272 tibulum
345 3203 501 3293 colligit,
527 3198 613 3271 foris
635 3190 776 3271 inteiim
795 3195 865 3290 ipse
880 3217 1011 3271 ceteros
1030 3223 1139 3272 mares
1153 3225 1226 3281 ar..

85 3317 89 3353 t
172 3324 263 3372 cens.
292 3297 552 3393 tandem&ipse
568 3299 710 3372 ultimus
724 3297 940 3392 ingreditur:
967 3317 1071 3393 atque
1090 3298 1136 3373 lic
1147 3325 1206 3396 pa.

93 3391 95 3397 ’
170 3403 256 3472 riter
266 3405 460 3494 capiuntur.
471 3399 628 3478 Tantum
640 3403 751 3470 amori
763 3399 1016 3492 inaquatilium
1031 3426 1140 3496 genus
1159 3401 1207 3476 est

86 3522 87 3557 2
171 3495 418 3595 imperium,ut
427 3505 558 3574 ¹mutuo
567 3494 619 3574 sui
628 3496 794 3573 desiderio
808 3501 1042 3574 circumventi
1051 3518 1207 3594 pereant.

134 3794 136 3796 v
183 3762 186 3771 ·
221 3729 309 3806 404.
349 3709 546 3808 Hippurisi
570 3707 656 3807 quid
679 3711 822 3812 inmari
839 3735 967 3806 vagum
992 3717 1024 3788 ἃ
1047 3709 1209 3788 fluctibus
1326 3791 1328 3796 ,

85 3819 87 3899 l
173 3809 371 3885 obnoxium
387 3815 564 3896 viderint,
604 3833 725 3884 omnes
747 3811 858 3886 statim
875 3809 1073 3908 frequentes
1093 3817 1210 3908 proxi-

86 3924 87 3939 *
172 3936 228 3982 me
246 3916 457 3987 comitantur
475 3941 484 3984 ε
508 3914 657 3986 maxime
671 3909 792 3983 veroli
810 3909 981 4009 naufragae
999 3917 1097 3990 navis
1109 3913 1211 4007 disje-

86 4004 111 4041 ¹²
154 4013 226 4082 ‘ila
244 4013 408 4086 oberrent
425 4004 627 4109 lragmenta.
654 4012 698 4082 In
714 4009 788 4084 haec
798 4014 858 4104 qui
876 4014 1037 4089 inciderit
1047 4010 1208 4106 piscator,

171 4108 277 4184 facile
304 4114 447 4186 uberem
471 4113 600 4186 horum
628 4106 770 4203 piscium
798 4112 948 4205 praedam
977 4113 1214 4206 consequitur..

173 4209 242 4285 Sed
262 4210 440 4309 naufragia
461 4213 546 4287 deus
565 4227 708 4309 evertat.
745 4233 827 4284 nam
849 4214 949 4286 aliter
967 4217 1106 4308 quoque
1121 4213 1212 4306 capi.
1306 4255 1311 4274 ,

170 4328 289 4385 untur
303 4311 458 4406 hippuri.
486 4309 674 4388 Consettos
685 4311 897 4384 arundinum
909 4309 1012 4388 fasces
1033 4312 1142 4406 lapide
1158 4317 1213 4386 in.

170 4406 289 4488 serius
306 4414 468 4510 alligato,
493 4439 568 4510 quo
589 4411 847 4506 deprimantur,
870 4413 910 4519 iq
926 4415 1017 4514 mare
1027 4414 1211 4510 dejiciunt.

841 4515 988 4628 or
