3175 5434
505 521 856 586 ransavro.
1084 502 1190 611 xxiij

78 661 80 712 ἶ
152 647 310 713 aususfuit
352 646 464 710 Verum
478 646 533 710 lros
549 661 666 728 rogatos
677 647 787 724 velim,
807 669 848 712 ne
863 668 901 713 ex
914 649 966 712 suo
987 652 1050 714 otio
1061 652 1191 718 nostrum

78 745 80 832 j
151 754 301 832 spestent3
323 771 381 814 nec
392 753 424 814 id
440 773 476 814 eo
489 752 608 816 consilio
625 773 675 815 me
690 751 788 816 fecisse
808 765 937 832 putent,
957 767 993 818 ut
1003 775 1080 818 vano
1094 756 1191 838 elogio

78 835 80 890 l
150 857 237 920 alieni
258 859 358 936 operis
371 856 494 936 gloriam
512 857 698 938 usurparem
726 857 778 920 sed
797 857 968 936 simpliciter
988 858 1071 924 volui
1088 860 1192 926 lettori

78 985 83 1018 r
149 962 284 1041 prestare
305 963 597 1040 interpretationem,
626 981 715 1040 quarn
730 963 952 1042 cumtemporis
967 964 1112 1043 angustie,
1125 979 1193 1030 tum

78 1053 79 1098 t
149 1069 260 1147 ingenii
277 1069 338 1129 nrei
357 1065 486 1130 sterilitas
504 1067 644 1146 adoptare
657 1085 706 1128 me
717 1069 874 1145 coegerat,
893 1079 981 1146 atque
1001 1070 1043 1131 ita
1060 1069 1191 1136 censure

77 1213 78 1222 2
149 1170 319 1250 periculum
338 1172 372 1232 in
391 1190 440 1232 me
454 1169 608 1249 suscipere.

77 1268 78 1271 '
227 1275 277 1337 Ad
298 1274 390 1336 libros
413 1273 532 1352 quidem
549 1273 598 1338 de
618 1274 782 1338 Venatione
803 1274 960 1355 diligenter
985 1281 1191 1346 annotavimus

149 1381 307 1459 opiniones
320 1380 449 1440 virorum
463 1378 634 1454 detiorum,
657 1379 706 1458 qui
719 1379 847 1442 studium
865 1379 951 1444 suum
970 1395 1023 1446 aut
1043 1385 1076 1446 in
1092 1405 1195 1449 emen·

77 1539 78 1542 ,
150 1485 255 1546 dandis
272 1489 374 1562 poetae
389 1481 503 1556 verbis,
524 1483 616 1544 autin
627 1481 804 1560 explicanda
819 1484 992 1547 animalium
1005 1487 1191 1567 abOppiano

149 1588 365 1666 descriptorum
387 1600 490 1648 natura
506 1603 575 1646 cum
591 1585 688 1648 fruttu
708 1585 808 1666 aliquo
836 1587 1028 1660 collocarunt.
1077 1593 1190 1656 verum

148 1692 241 1754 multa
259 1691 360 1752 adhuc
380 1690 447 1752 sunt
467 1691 499 1751 in
519 1708 555 1752 ea
568 1687 670 1751 saltem
697 1692 792 1768 operis
814 1705 924 1770 parte,
958 1714 1022 1772 quae
1042 1694 1196 1760 historiam

148 1795 322 1858 animalium
344 1794 472 1873 spectat,
505 1813 568 1872 que
585 1806 621 1856 ut
636 1793 761 1874 intelligi
785 1810 874 1875 atque
895 1798 1038 1877 explicari
1055 1801 1186 1879 pollent,

76 1919 77 1984 f
148 1902 293 1976 majorem
307 1897 448 1962 naturalis
464 1896 587 1960 historie
600 1898 769 1974 scientiam,
804 1921 894 1979 quam
915 1903 1035 1981 quidem
1057 1905 1088 1966 in
1103 1907 1189 1968 nobis

76 2047 77 2052 κ
149 2005 202 2074 est,
224 2004 425 2082 feliciorisque
443 2005 555 2082 ingenii
575 2021 664 2081 opem
680 2004 891 2068 desrderabant.
944 2005 1061 2070 Deinde
1076 2011 1107 2070 in
1128 2012 1191 2087 ani.

148 2108 400 2171 madverfionibns
420 2109 459 2170 ad
474 2109 603 2186 quinque
618 2109 656 2172 de
673 2107 835 2171 Piscatioue
849 2107 940 2171 libros
955 2108 1031 2174 illud
1050 2113 1186 2191 inprimis

148 2215 209 2292 egi,
229 2227 266 2276 ut
287 2212 444 2290 diligenter
465 2231 665 2290 compararem
685 2211 752 2274 loca
771 2213 899 2289 lliliani,
928 2233 992 2292 quae
1006 2215 1055 2278 vel
1070 2236 1108 2279 ex
1124 2218 1188 2296 Op-

147 2319 235 2395 piano
251 2315 401 2395 expressa,
423 2330 456 2378 ut
473 2317 536 2380 fere
555 2328 718 2394 pestutum
737 2315 846 2379 libmm
863 2337 978 2380 nonum
995 2318 1087 2395 sunt,
1115 2322 1190 2386 licet

149 2443 216 2486 eum
232 2419 369 2499 nuspiam
381 2422 596 2494 nominaverit,
624 2419 672 2482 vel
683 2419 802 2482 aliunde
818 2420 974 2496 translata,
984 2427 1191 2490 nomenclatu-

147 2547 209 2588 ram
227 2526 434 2602 historiamque
454 2528 482 2587 ἃ
507 2537 658 2603 capturam
679 2523 805 2602 piscium
828 2525 866 2584 ab
887 2525 1026 2606 Oppiano
1049 2531 1189 2594 traditam

148 2630 302 2700 illustrant.
344 2629 449 2707 Neque
465 2631 545 2692 enim
564 2629 663 2690 omnia
681 2624 731 2687 ille
748 2625 801 2688 sua
820 2646 859 2688 ex
870 2633 959 2705 poeta
972 2632 1072 2692 nostro
1085 2635 1187 2709 duxit,

149 2735 198 2798 sed
210 2752 249 2797 ex
270 2734 375 2796 alienis
397 2751 512 2811 quoque
530 2733 662 2796 fontibus
686 2729 813 2808 plurima
837 2730 979 2795 derivavit
996 2751 1187 2816 argumenta,

150 2839 314 2916 eademque
326 2837 480 2899 haudraro
491 2839 569 2916 turpi
585 2837 743 2901 verborum
756 2835 909 2912 profluvie,
920 2836 1188 2921 sententiarumque

76 2963 77 3014 l
149 2943 256 3022 ineptis
270 2941 392 3020 argutiis
402 2941 596 3004 conturbavit.
638 2941 715 3004 Fieri
733 2941 823 3002 etiam
837 2941 949 3018 potest,
970 2956 1006 3007 ut
1020 2965 1109 3024 quam
1120 2946 1188 3026 plu·

76 3021 77 3098 l
148 3049 229 3110 rimis
247 3047 351 3120 locis,
383 3066 446 3124 quae
469 3045 619 3108 nonsatis
641 3055 727 3108 caute
748 3063 786 3106 ex
807 3044 946 3124 Oppiano
967 3049 1108 3114 translata
1131 3052 1190 3116 else

76 3223 77 3228 η
150 3153 301 3220 affirmavi,
314 3149 405 3211 alium
418 3152 566 3227 quendam
581 3161 713 3210 autorem
727 3147 876 3227 sequatur,
896 3170 984 3230 quem
996 3157 1190 3232 poetanolier

76 3250 77 3253 '
149 3260 259 3337 pariter
276 3257 409 3318 carmine
422 3253 476 3315 suo
494 3251 638 3330 exprell'rt.
687 3251 865 3318 Exstiterunt
886 3258 966 3318 enim
989 3271 1060 3320 ante
1078 3260 1190 3340 Oppia.

76 3395 77 3430 2
149 3382 224 3425 num
242 3359 387 3440 plurimi,
408 3358 458 3437 qui
474 3355 639 3419 universam
657 3355 787 3434 piscandi
812 3360 956 3422 rationem
973 3381 1043 3424 cum
1062 3365 1190 3430 versrbus

76 3441 77 3510 ]
150 3480 217 3530 tum
231 3463 363 3543 prosaica
384 3463 517 3523 oratione
538 3457 752 3546 equsuemnt,
781 3481 821 3525 ex
839 3483 964 3542 quorum
992 3485 1117 3530 numero
1137 3491 1190 3534 eos

76 3631 77 3636 ,
150 3585 270 3648 tantum
287 3570 339 3631 hic
349 3565 605 3639 commemorabo,
629 3585 755 3643 quorum
771 3569 925 3645 preceptis
942 3567 1090 3634 AElianum
1102 3573 1190 3638 usum

76 3693 108 3710 ¹²
153 3674 209 3738 elie
222 3674 310 3735 certis
326 3672 506 3748 argumentis
519 3669 622 3732 doceri
643 3669 747 3749 potest.
787 3669 926 3749 Princeps
934 3671 1042 3736 horum
1060 3675 1192 3742 esthao-

152 3777 459 3854 andnimandans,
479 3773 656 3840 Metrodori
673 3773 765 3848 filius,
795 3795 883 3852 quem
901 3789 1061 3856 utrumque
1082 3784 1125 3844 rei
1145 3786 1191 3861 pi.

152 3881 281 3944 scaturiae
302 3877 504 3958 peritiffimnm
526 3880 558 3940 in
581 3877 705 3958 Epilogo
724 3877 848 3940 historiae
866 3880 1039 3946 annualium
1058 3885 1190 3964 IElianus

151 3986 306 4066 predicat.
349 3984 442 4047 Parvo
462 3984 603 4064 temporis
626 3981 781 4047 intervallo
806 3984 844 4046 ah
871 3984 1001 4063 Oppiani
1017 4001 1104 4052 aetate
1119 4010 1190 4056 eum

76 4100 77 4103 ’
152 4090 275 4154 abfuisse
291 4107 363 4152 cum
388 4107 427 4150 ex
443 4091 588 4153 Atheneo
607 4085 677 4150 L.1.
696 4107 728 4166 p.
742 4105 789 4166 13.
810 4088 1003 4168 intelligitur,
1029 4106 1096 4154 tum
1117 4114 1190 4157 vero

76 4224 110 4282 ¹e
153 4193 309 4258 elariffirne
329 4205 454 4270 apparet
472 4193 597 4268 exinde,
616 4192 697 4272 quod
717 4191 863 4255 Leonidas
873 4194 1106 4272 apudAElianum
1115 4196 1188 4267 las.

76 4319 77 4324 ¹
152 4301 258 4363 eadem
272 4299 314 4361 de
331 4317 436 4366 amore
449 4297 581 4375 delphini
594 4318 613 4360 a
626 4297 657 4360 se
672 4297 722 4359 visr
738 4299 771 4358 in
784 4317 912 4376 puerum
928 4296 1030 4359 insulae
1044 4297 1191 4365 Porosele-

153 4424 205 4468 nes
219 4405 332 4481 refert,
355 4422 421 4480 quae
439 4401 592 4481 Oppianus
605 4400 734 4466 Halieut.
744 4402 781 4463 V.
797 4423 871 4478 459·
891 4403 1035 4464 memoria
1050 4402 1101 4466 sua
1115 4409 1209 4474 acci„

156 4509 287 4576 dilieait.
329 4504 685 4588 Enlrujusigituxliluia²
703 4524 776 4586 quos
785 4507 919 4590 oratione
930 4507 1061 4586 prosaica
1070 4508 1193 4591 scriptos
