<?xml version="1.0" encoding="UTF-8"?>
<!DOCTYPE html PUBLIC "-//W3C//DTD XHTML 1.0 Transitional//EN"
    "http://www.w3.org/TR/xhtml1/DTD/xhtml1-transitional.dtd">
<html xmlns="http://www.w3.org/1999/xhtml" xml:lang="en" lang="en">
 <head>
  <title>
</title>
<meta http-equiv="Content-Type" content="text/html;charset=utf-8" />
  <meta name='ocr-system' content='tesseract 3.04.00' />
  <meta name='ocr-capabilities' content='ocr_page ocr_carea ocr_par ocr_line ocrx_word'/>
</head>
<body>
  <div class='ocr_page' id='page_1' title='image "./oppianipoetaeci00oppigoog_0364.png"; bbox 0 0 3175 5434; ppageno 0'>
   <div class='ocr_carea' id='block_1_1' title="bbox 387 497 1203 600">
    <p class='ocr_par' dir='ltr' id='par_1_1' title="bbox 387 497 1203 600">
     <span class='ocr_line' id='line_1_1' title="bbox 387 497 1203 600; baseline 0.011 -26"><span class='ocrx_word' id='word_1_1' title='bbox 387 497 985 580; x_wconf 67' lang='lat' dir='ltr'><strong>Du·a&#39;vcut’1÷o³l:1&#39;ss·ts</strong></span> <span class='ocrx_word' id='word_1_2' title='bbox 1123 520 1203 600; x_wconf 66' lang='lat' dir='ltr'><strong>aas</strong></span> 
     </span>
    </p>
   </div>
   <div class='ocr_carea' id='block_1_2' title="bbox 152 636 1215 1436">
    <p class='ocr_par' dir='ltr' id='par_1_2' title="bbox 152 636 1215 1436">
     <span class='ocr_line' id='line_1_2' title="bbox 155 636 1215 740; baseline 0.004 -26"><span class='ocrx_word' id='word_1_3' title='bbox 155 641 240 715; x_wconf 86' lang='lat' dir='ltr'><strong>durn</strong></span> <span class='ocrx_word' id='word_1_4' title='bbox 255 639 490 733; x_wconf 86' lang='lat' dir='ltr'><strong>illeperdcre,</strong></span> <span class='ocrx_word' id='word_1_5' title='bbox 518 636 591 711; x_wconf 86' lang='lat' dir='ltr'><strong>haec</strong></span> <span class='ocrx_word' id='word_1_6' title='bbox 599 637 733 711; x_wconf 89' lang='lat' dir='ltr'><strong>servare</strong></span> <span class='ocrx_word' id='word_1_7' title='bbox 751 641 865 731; x_wconf 87' lang='lat' dir='ltr'><strong>pullos</strong></span> <span class='ocrx_word' id='word_1_8' title='bbox 878 648 1103 727; x_wconf 80' lang='lat' dir='ltr'><strong>annituntur,</strong></span> <span class='ocrx_word' id='word_1_9' title='bbox 1124 646 1215 740; x_wconf 90' lang='lat' dir='ltr'><strong>plu·-</strong></span> 
     </span>
     <span class='ocr_line' id='line_1_3' title="bbox 153 737 1202 834; baseline 0.003 -19"><span class='ocrx_word' id='word_1_10' title='bbox 153 744 254 815; x_wconf 87' lang='lat' dir='ltr'><strong>rimis</strong></span> <span class='ocrx_word' id='word_1_11' title='bbox 270 740 413 812; x_wconf 86' lang='lat' dir='ltr'><strong>tandem</strong></span> <span class='ocrx_word' id='word_1_12' title='bbox 429 738 488 810; x_wconf 90' lang='lat' dir='ltr'><strong>ille</strong></span> <span class='ocrx_word' id='word_1_13' title='bbox 512 739 717 812; x_wconf 88' lang='lat' dir='ltr'><strong>vulneribus</strong></span> <span class='ocrx_word' id='word_1_14' title='bbox 735 737 908 814; x_wconf 84' lang='lat' dir='ltr'><strong>consessus</strong></span> <span class='ocrx_word' id='word_1_15' title='bbox 928 744 1055 834; x_wconf 84' lang='lat' dir='ltr'><strong>jacuit,</strong></span> <span class='ocrx_word' id='word_1_16' title='bbox 1082 761 1117 816; x_wconf 90' lang='lat' dir='ltr'><strong>at</strong></span> <span class='ocrx_word' id='word_1_17' title='bbox 1128 770 1202 818; x_wconf 90' lang='lat' dir='ltr'><strong>non</strong></span> 
     </span>
     <span class='ocr_line' id='line_1_4' title="bbox 152 837 1200 932; baseline 0.001 -18"><span class='ocrx_word' id='word_1_18' title='bbox 152 845 310 932; x_wconf 83' lang='lat' dir='ltr'><strong>impune.</strong></span> <span class='ocrx_word' id='word_1_19' title='bbox 348 842 460 912; x_wconf 81' lang='lat' dir='ltr'><strong>Avem</strong></span> <span class='ocrx_word' id='word_1_20' title='bbox 479 839 573 908; x_wconf 86' lang='lat' dir='ltr'><strong>enim</strong></span> <span class='ocrx_word' id='word_1_21' title='bbox 592 839 630 908; x_wconf 87' lang='lat' dir='ltr'><strong>in</strong></span> <span class='ocrx_word' id='word_1_22' title='bbox 650 837 812 910; x_wconf 69' lang='lat' dir='ltr'><strong>conflictu</strong></span> <span class='ocrx_word' id='word_1_23' title='bbox 838 839 1002 914; x_wconf 83' lang='lat' dir='ltr'><strong>dentibus</strong></span> <span class='ocrx_word' id='word_1_24' title='bbox 1021 847 1200 916; x_wconf 80' lang='lat' dir='ltr'><strong>venenatis</strong></span> 
     </span>
     <span class='ocr_line' id='line_1_5' title="bbox 152 936 1211 1029; baseline 0.002 -17"><span class='ocrx_word' id='word_1_25' title='bbox 152 943 240 1012; x_wconf 90' lang='lat' dir='ltr'><strong>adeo</strong></span> <span class='ocrx_word' id='word_1_26' title='bbox 258 936 360 1019; x_wconf 81' lang='lat' dir='ltr'><strong>laelit,</strong></span> <span class='ocrx_word' id='word_1_27' title='bbox 388 953 429 1009; x_wconf 89' lang='lat' dir='ltr'><strong>ut</strong></span> <span class='ocrx_word' id='word_1_28' title='bbox 446 960 567 1008; x_wconf 87' lang='lat' dir='ltr'><strong>omnes</strong></span> <span class='ocrx_word' id='word_1_29' title='bbox 582 941 615 1008; x_wconf 87' lang='lat' dir='ltr'><strong>ei</strong></span> <span class='ocrx_word' id='word_1_30' title='bbox 632 963 754 1029; x_wconf 85' lang='lat' dir='ltr'><strong>pennae</strong></span> <span class='ocrx_word' id='word_1_31' title='bbox 776 937 981 1012; x_wconf 82' lang='lat' dir='ltr'><strong>defluerent.</strong></span> <span class='ocrx_word' id='word_1_32' title='bbox 1012 945 1103 1014; x_wconf 91' lang='lat' dir='ltr'><strong>Cum</strong></span> <span class='ocrx_word' id='word_1_33' title='bbox 1114 965 1211 1016; x_wconf 79' lang='lat' dir='ltr'><strong>veto.</strong></span> 
     </span>
     <span class='ocr_line' id='line_1_6' title="bbox 154 1033 1201 1132; baseline 0.002 -20"><span class='ocrx_word' id='word_1_34' title='bbox 154 1037 360 1114; x_wconf 75' lang='lat' dir='ltr'><strong>revertendi</strong></span> <span class='ocrx_word' id='word_1_35' title='bbox 376 1033 718 1129; x_wconf 81' lang='lat' dir='ltr'><strong>tempusappetiilset</strong></span> <span class='ocrx_word' id='word_1_36' title='bbox 732 1087 742 1117; x_wconf 96' lang='lat'>‚</span> <span class='ocrx_word' id='word_1_37' title='bbox 757 1059 797 1107; x_wconf 89' lang='lat' dir='ltr'><strong>ac</strong></span> <span class='ocrx_word' id='word_1_38' title='bbox 816 1039 960 1130; x_wconf 87' lang='lat' dir='ltr'><strong>reliquae</strong></span> <span class='ocrx_word' id='word_1_39' title='bbox 977 1042 1120 1113; x_wconf 84' lang='lat' dir='ltr'><strong>ciconiae</strong></span> <span class='ocrx_word' id='word_1_40' title='bbox 1131 1044 1201 1132; x_wconf 86' lang='lat' dir='ltr'><strong>jam</strong></span> 
     </span>
     <span class='ocr_line' id='line_1_7' title="bbox 152 1133 1207 1229; baseline 0 -17"><span class='ocrx_word' id='word_1_41' title='bbox 152 1134 361 1219; x_wconf 78' lang='lat' dir='ltr'><strong>evolassent,</strong></span> <span class='ocrx_word' id='word_1_42' title='bbox 394 1151 552 1228; x_wconf 85' lang='lat' dir='ltr'><strong>parentes</strong></span> <span class='ocrx_word' id='word_1_43' title='bbox 566 1160 648 1210; x_wconf 86' lang='lat' dir='ltr'><strong>curn</strong></span> <span class='ocrx_word' id='word_1_44' title='bbox 667 1137 770 1229; x_wconf 85' lang='lat' dir='ltr'><strong>pullis</strong></span> <span class='ocrx_word' id='word_1_45' title='bbox 784 1133 951 1229; x_wconf 82' lang='lat' dir='ltr'><strong>servatis,</strong></span> <span class='ocrx_word' id='word_1_46' title='bbox 979 1157 1018 1212; x_wconf 94' lang='lat' dir='ltr'><strong>ut</strong></span> <span class='ocrx_word' id='word_1_47' title='bbox 1039 1139 1207 1214; x_wconf 77' lang='lat' dir='ltr'><strong>beneficii</strong></span> 
     </span>
     <span class='ocr_line' id='line_1_8' title="bbox 156 1231 1207 1327; baseline 0.002 -16"><span class='ocrx_word' id='word_1_48' title='bbox 156 1260 331 1311; x_wconf 84' lang='lat' dir='ltr'><strong>memores</strong></span> <span class='ocrx_word' id='word_1_49' title='bbox 359 1231 392 1306; x_wconf 91' lang='lat' dir='ltr'><strong>se</strong></span> <span class='ocrx_word' id='word_1_50' title='bbox 424 1234 652 1317; x_wconf 82' lang='lat' dir='ltr'><strong>declararent,</strong></span> <span class='ocrx_word' id='word_1_51' title='bbox 686 1232 851 1327; x_wconf 83' lang='lat' dir='ltr'><strong>tantisper</strong></span> <span class='ocrx_word' id='word_1_52' title='bbox 878 1236 1053 1325; x_wconf 79' lang='lat' dir='ltr'><strong>mnrrsere,</strong></span> <span class='ocrx_word' id='word_1_53' title='bbox 1091 1240 1207 1313; x_wconf 82' lang='lat' dir='ltr'><strong>donec</strong></span> 
     </span>
     <span class='ocr_line' id='line_1_9' title="bbox 154 1333 927 1436; baseline -0.003 -26"><span class='ocrx_word' id='word_1_54' title='bbox 154 1341 261 1410; x_wconf 78' lang='lat' dir='ltr'><strong>rsovis</strong></span> <span class='ocrx_word' id='word_1_55' title='bbox 280 1339 314 1408; x_wconf 87' lang='lat' dir='ltr'><strong>ei</strong></span> <span class='ocrx_word' id='word_1_56' title='bbox 326 1338 455 1436; x_wconf 81' lang='lat' dir='ltr'><strong>pennis</strong></span> <span class='ocrx_word' id='word_1_57' title='bbox 472 1338 603 1408; x_wconf 87' lang='lat' dir='ltr'><strong>renatis</strong></span> <span class='ocrx_word' id='word_1_58' title='bbox 620 1333 721 1410; x_wconf 79' lang='lat' dir='ltr'><strong>simul</strong></span> <span class='ocrx_word' id='word_1_59' title='bbox 734 1333 927 1414; x_wconf 88' lang='lat' dir='ltr'><strong>avolarent.</strong></span> 
     </span>
    </p>
   </div>
   <div class='ocr_carea' id='block_1_3' title="bbox 153 1544 1227 2832">
    <p class='ocr_par' dir='ltr' id='par_1_3' title="bbox 153 1544 1227 2832">
     <span class='ocr_line' id='line_1_10' title="bbox 171 1544 1205 1646; baseline 0.001 -27"><span class='ocrx_word' id='word_1_60' title='bbox 171 1594 174 1600; x_wconf 88' lang='lat'>·</span> <span class='ocrx_word' id='word_1_61' title='bbox 206 1546 384 1621; x_wconf 86' lang='lat' dir='ltr'><strong>XXVlll.</strong></span> <span class='ocrx_word' id='word_1_62' title='bbox 412 1545 570 1620; x_wconf 84' lang='lat' dir='ltr'><strong>Phoenici</strong></span> <span class='ocrx_word' id='word_1_63' title='bbox 588 1544 680 1637; x_wconf 88' lang='lat' dir='ltr'><strong>apud</strong></span> <span class='ocrx_word' id='word_1_64' title='bbox 694 1544 822 1636; x_wconf 84' lang='lat' dir='ltr'><strong>Indos,</strong></span> <span class='ocrx_word' id='word_1_65' title='bbox 849 1566 890 1622; x_wconf 91' lang='lat' dir='ltr'><strong>ut</strong></span> <span class='ocrx_word' id='word_1_66' title='bbox 903 1546 1107 1641; x_wconf 84' lang='lat' dir='ltr'><strong>perhibent,</strong></span> <span class='ocrx_word' id='word_1_67' title='bbox 1122 1549 1205 1646; x_wconf 53' lang='lat' dir='ltr'><strong>lond</strong></span> 
     </span>
     <span class='ocr_line' id='line_1_11' title="bbox 155 1643 1204 1739; baseline 0.004 -23"><span class='ocrx_word' id='word_1_68' title='bbox 155 1645 289 1739; x_wconf 80' lang='lat' dir='ltr'><strong>gilsrma</strong></span> <span class='ocrx_word' id='word_1_69' title='bbox 307 1648 339 1717; x_wconf 79' lang='lat' dir='ltr'><strong>dc</strong></span> <span class='ocrx_word' id='word_1_70' title='bbox 359 1643 473 1717; x_wconf 87' lang='lat' dir='ltr'><strong>secura</strong></span> <span class='ocrx_word' id='word_1_71' title='bbox 497 1651 570 1718; x_wconf 87' lang='lat' dir='ltr'><strong>vita</strong></span> <span class='ocrx_word' id='word_1_72' title='bbox 590 1648 761 1738; x_wconf 89' lang='lat' dir='ltr'><strong>conti-git,</strong></span> <span class='ocrx_word' id='word_1_73' title='bbox 784 1671 867 1719; x_wconf 88' lang='lat' dir='ltr'><strong>cnm</strong></span> <span class='ocrx_word' id='word_1_74' title='bbox 887 1647 994 1723; x_wconf 88' lang='lat' dir='ltr'><strong>nullis</strong></span> <span class='ocrx_word' id='word_1_75' title='bbox 1017 1647 1204 1722; x_wconf 84' lang='lat' dir='ltr'><strong>hominum</strong></span> 
     </span>
     <span class='ocr_line' id='line_1_12' title="bbox 153 1743 1205 1914; baseline 0 -94"><span class='ocrx_word' id='word_1_76' title='bbox 153 1743 290 1820; x_wconf 78' lang='lat' dir='ltr'><strong>insidiis</strong></span> <span class='ocrx_word' id='word_1_77' title='bbox 305 1761 458 1914; x_wconf 58' lang='lat' dir='ltr'><strong>petatgr,</strong></span> <span class='ocrx_word' id='word_1_78' title='bbox 485 1769 559 1816; x_wconf 90' lang='lat' dir='ltr'><strong>non</strong></span> <span class='ocrx_word' id='word_1_79' title='bbox 578 1743 730 1837; x_wconf 85' lang='lat' dir='ltr'><strong>sagittis,</strong></span> <span class='ocrx_word' id='word_1_80' title='bbox 747 1769 821 1816; x_wconf 91' lang='lat' dir='ltr'><strong>non</strong></span> <span class='ocrx_word' id='word_1_81' title='bbox 839 1749 1031 1841; x_wconf 85' lang='lat' dir='ltr'><strong>lapidibus,</strong></span> <span class='ocrx_word' id='word_1_82' title='bbox 1061 1773 1134 1820; x_wconf 89' lang='lat' dir='ltr'><strong>non</strong></span> <span class='ocrx_word' id='word_1_83' title='bbox 1149 1755 1205 1820; x_wconf 51' lang='lat' dir='ltr'><strong>ca:</strong></span> 
     </span>
     <span class='ocr_line' id='line_1_13' title="bbox 155 1846 1204 1937; baseline -0.001 -18"><span class='ocrx_word' id='word_1_84' title='bbox 155 1850 274 1931; x_wconf 85' lang='lat' dir='ltr'><strong>lamis,</strong></span> <span class='ocrx_word' id='word_1_85' title='bbox 300 1869 373 1915; x_wconf 90' lang='lat' dir='ltr'><strong>non</strong></span> <span class='ocrx_word' id='word_1_86' title='bbox 420 1847 546 1937; x_wconf 90' lang='lat' dir='ltr'><strong>enique</strong></span> <span class='ocrx_word' id='word_1_87' title='bbox 569 1846 713 1937; x_wconf 77' lang='lat' dir='ltr'><strong>laqueis.</strong></span> <span class='ocrx_word' id='word_1_88' title='bbox 756 1847 859 1916; x_wconf 88' lang='lat' dir='ltr'><strong>Mors</strong></span> <span class='ocrx_word' id='word_1_89' title='bbox 885 1852 914 1918; x_wconf 89' lang='lat' dir='ltr'><strong>ei</strong></span> <span class='ocrx_word' id='word_1_90' title='bbox 941 1850 1081 1920; x_wconf 88' lang='lat' dir='ltr'><strong>initium</strong></span> <span class='ocrx_word' id='word_1_91' title='bbox 1105 1853 1204 1918; x_wconf 64' lang='lat' dir='ltr'><strong>vitae:</strong></span> 
     </span>
     <span class='ocr_line' id='line_1_14' title="bbox 154 1944 1200 2038; baseline -0.004 -16"><span class='ocrx_word' id='word_1_92' title='bbox 154 1948 247 2022; x_wconf 84' lang='lat' dir='ltr'><strong>Nam</strong></span> <span class='ocrx_word' id='word_1_93' title='bbox 266 1945 329 2016; x_wconf 90' lang='lat' dir='ltr'><strong>ubi</strong></span> <span class='ocrx_word' id='word_1_94' title='bbox 350 1944 418 2038; x_wconf 85' lang='lat' dir='ltr'><strong>jam</strong></span> <span class='ocrx_word' id='word_1_95' title='bbox 440 1969 501 2036; x_wconf 90' lang='lat' dir='ltr'><strong>per</strong></span> <span class='ocrx_word' id='word_1_96' title='bbox 522 1960 659 2016; x_wconf 82' lang='lat' dir='ltr'><strong>aetatem</strong></span> <span class='ocrx_word' id='word_1_97' title='bbox 678 1944 722 2015; x_wconf 92' lang='lat' dir='ltr'><strong>ad</strong></span> <span class='ocrx_word' id='word_1_98' title='bbox 749 1947 907 2018; x_wconf 84' lang='lat' dir='ltr'><strong>volatum</strong></span> <span class='ocrx_word' id='word_1_99' title='bbox 934 1944 1139 2018; x_wconf 85' lang='lat' dir='ltr'><strong>debiliorem</strong></span> <span class='ocrx_word' id='word_1_100' title='bbox 1167 1945 1200 2018; x_wconf 86' lang='lat' dir='ltr'><strong>se</strong></span> 
     </span>
     <span class='ocr_line' id='line_1_15' title="bbox 154 2040 1203 2132; baseline -0.004 -17"><span class='ocrx_word' id='word_1_101' title='bbox 154 2064 215 2131; x_wconf 75' lang='lat' dir='ltr'><strong>aut</strong></span> <span class='ocrx_word' id='word_1_102' title='bbox 231 2049 344 2115; x_wconf 84' lang='lat' dir='ltr'><strong>aciem</strong></span> <span class='ocrx_word' id='word_1_103' title='bbox 359 2043 548 2115; x_wconf 87' lang='lat' dir='ltr'><strong>oculorum</strong></span> <span class='ocrx_word' id='word_1_104' title='bbox 558 2040 718 2115; x_wconf 87' lang='lat' dir='ltr'><strong>obtusam</strong></span> <span class='ocrx_word' id='word_1_105' title='bbox 734 2041 894 2132; x_wconf 81' lang='lat' dir='ltr'><strong>senserit,</strong></span> <span class='ocrx_word' id='word_1_106' title='bbox 923 2046 1075 2117; x_wconf 80' lang='lat' dir='ltr'><strong>coueeus</strong></span> <span class='ocrx_word' id='word_1_107' title='bbox 1095 2048 1133 2116; x_wconf 93' lang='lat' dir='ltr'><strong>in</strong></span> <span class='ocrx_word' id='word_1_108' title='bbox 1146 2063 1203 2116; x_wconf 88' lang='lat' dir='ltr'><strong>ex.·</strong></span> 
     </span>
     <span class='ocr_line' id='line_1_16' title="bbox 154 2141 1198 2236; baseline -0.001 -19"><span class='ocrx_word' id='word_1_109' title='bbox 154 2143 241 2219; x_wconf 82' lang='lat' dir='ltr'><strong>celsa</strong></span> <span class='ocrx_word' id='word_1_110' title='bbox 267 2167 355 2234; x_wconf 86' lang='lat' dir='ltr'><strong>rupe</strong></span> <span class='ocrx_word' id='word_1_111' title='bbox 374 2146 510 2214; x_wconf 82' lang='lat' dir='ltr'><strong>cremiis</strong></span> <span class='ocrx_word' id='word_1_112' title='bbox 533 2145 565 2214; x_wconf 82' lang='lat' dir='ltr'><strong>de</strong></span> <span class='ocrx_word' id='word_1_113' title='bbox 590 2141 729 2215; x_wconf 86' lang='lat' dir='ltr'><strong>festucis</strong></span> <span class='ocrx_word' id='word_1_114' title='bbox 751 2167 876 2236; x_wconf 87' lang='lat' dir='ltr'><strong>rogum</strong></span> <span class='ocrx_word' id='word_1_115' title='bbox 903 2142 966 2215; x_wconf 85' lang='lat' dir='ltr'><strong>fibi</strong></span> <span class='ocrx_word' id='word_1_116' title='bbox 992 2147 1198 2228; x_wconf 86' lang='lat' dir='ltr'><strong>mortalem,</strong></span> 
     </span>
     <span class='ocr_line' id='line_1_17' title="bbox 155 2241 1201 2335; baseline -0.007 -18"><span class='ocrx_word' id='word_1_117' title='bbox 155 2245 302 2318; x_wconf 79' lang='lat' dir='ltr'><strong>vitalem</strong></span> <span class='ocrx_word' id='word_1_118' title='bbox 321 2261 437 2313; x_wconf 87' lang='lat' dir='ltr'><strong>autem</strong></span> <span class='ocrx_word' id='word_1_119' title='bbox 452 2264 556 2313; x_wconf 82' lang='lat' dir='ltr'><strong>novae</strong></span> <span class='ocrx_word' id='word_1_120' title='bbox 570 2244 659 2332; x_wconf 86' lang='lat' dir='ltr'><strong>proli</strong></span> <span class='ocrx_word' id='word_1_121' title='bbox 675 2241 798 2313; x_wconf 85' lang='lat' dir='ltr'><strong>nidum</strong></span> <span class='ocrx_word' id='word_1_122' title='bbox 815 2245 1003 2324; x_wconf 84' lang='lat' dir='ltr'><strong>construit,</strong></span> <span class='ocrx_word' id='word_1_123' title='bbox 1030 2249 1092 2335; x_wconf 88' lang='lat' dir='ltr'><strong>qui</strong></span> <span class='ocrx_word' id='word_1_124' title='bbox 1110 2270 1129 2315; x_wconf 88' lang='lat' dir='ltr'><strong>a</strong></span> <span class='ocrx_word' id='word_1_125' title='bbox 1147 2243 1201 2317; x_wconf 90' lang='lat' dir='ltr'><strong>so..</strong></span> 
     </span>
     <span class='ocr_line' id='line_1_18' title="bbox 154 2339 1201 2434; baseline -0.006 -14"><span class='ocrx_word' id='word_1_126' title='bbox 154 2346 289 2420; x_wconf 77' lang='lat' dir='ltr'><strong>laribus</strong></span> <span class='ocrx_word' id='word_1_127' title='bbox 307 2342 430 2431; x_wconf 83' lang='lat' dir='ltr'><strong>radiis,</strong></span> <span class='ocrx_word' id='word_1_128' title='bbox 452 2339 622 2412; x_wconf 77' lang='lat' dir='ltr'><strong>insidente</strong></span> <span class='ocrx_word' id='word_1_129' title='bbox 637 2362 723 2428; x_wconf 83' lang='lat' dir='ltr'><strong>are,</strong></span> <span class='ocrx_word' id='word_1_130' title='bbox 745 2341 904 2415; x_wconf 88' lang='lat' dir='ltr'><strong>incensus</strong></span> <span class='ocrx_word' id='word_1_131' title='bbox 922 2340 1118 2434; x_wconf 83' lang='lat' dir='ltr'><strong>conflagrat.</strong></span> <span class='ocrx_word' id='word_1_132' title='bbox 1147 2345 1201 2414; x_wconf 83' lang='lat' dir='ltr'><strong>Sic</strong></span> 
     </span>
     <span class='ocr_line' id='line_1_19' title="bbox 154 2437 1202 2535; baseline -0.005 -18"><span class='ocrx_word' id='word_1_133' title='bbox 154 2447 212 2517; x_wconf 90' lang='lat' dir='ltr'><strong>illa</strong></span> <span class='ocrx_word' id='word_1_134' title='bbox 228 2437 426 2522; x_wconf 86' lang='lat' dir='ltr'><strong>consumta,</strong></span> <span class='ocrx_word' id='word_1_135' title='bbox 448 2442 554 2513; x_wconf 88' lang='lat' dir='ltr'><strong>altera</strong></span> <span class='ocrx_word' id='word_1_136' title='bbox 569 2439 820 2513; x_wconf 83' lang='lat' dir='ltr'><strong>novaPhoenix</strong></span> <span class='ocrx_word' id='word_1_137' title='bbox 840 2466 858 2512; x_wconf 90' lang='lat' dir='ltr'><strong>e</strong></span> <span class='ocrx_word' id='word_1_138' title='bbox 877 2445 992 2513; x_wconf 86' lang='lat' dir='ltr'><strong>cinere</strong></span> <span class='ocrx_word' id='word_1_139' title='bbox 1010 2439 1141 2535; x_wconf 80' lang='lat' dir='ltr'><strong>surgit,</strong></span> <span class='ocrx_word' id='word_1_140' title='bbox 1168 2443 1202 2512; x_wconf 81' lang='lat' dir='ltr'><strong>dc</strong></span> 
     </span>
     <span class='ocr_line' id='line_1_20' title="bbox 155 2537 1227 2638; baseline -0.007 -23"><span class='ocrx_word' id='word_1_141' title='bbox 155 2565 334 2638; x_wconf 85' lang='lat' dir='ltr'><strong>promote</strong></span> <span class='ocrx_word' id='word_1_142' title='bbox 354 2542 460 2631; x_wconf 86' lang='lat' dir='ltr'><strong>patris</strong></span> <span class='ocrx_word' id='word_1_143' title='bbox 480 2537 600 2611; x_wconf 90' lang='lat' dir='ltr'><strong>iisdem</strong></span> <span class='ocrx_word' id='word_1_144' title='bbox 616 2543 654 2610; x_wconf 90' lang='lat' dir='ltr'><strong>in</strong></span> <span class='ocrx_word' id='word_1_145' title='bbox 667 2540 751 2612; x_wconf 79' lang='lat' dir='ltr'><strong>locis</strong></span> <span class='ocrx_word' id='word_1_146' title='bbox 767 2543 874 2611; x_wconf 88' lang='lat' dir='ltr'><strong>vitam</strong></span> <span class='ocrx_word' id='word_1_147' title='bbox 897 2539 1001 2633; x_wconf 87' lang='lat' dir='ltr'><strong>degit.</strong></span> <span class='ocrx_word' id='word_1_148' title='bbox 1030 2543 1101 2614; x_wconf 85' lang='lat' dir='ltr'><strong>Res</strong></span> <span class='ocrx_word' id='word_1_149' title='bbox 1114 2543 1201 2612; x_wconf 85' lang='lat' dir='ltr'><strong>mira</strong></span> <span class='ocrx_word' id='word_1_150' title='bbox 1225 2603 1227 2607; x_wconf 85' lang='lat'>.</span> 
     </span>
     <span class='ocr_line' id='line_1_21' title="bbox 155 2636 1200 2736; baseline -0.001 -21"><span class='ocrx_word' id='word_1_151' title='bbox 155 2643 231 2726; x_wconf 81' lang='lat' dir='ltr'><strong>line</strong></span> <span class='ocrx_word' id='word_1_152' title='bbox 234 2644 421 2736; x_wconf 80' lang='lat' dir='ltr'><strong>genitore,</strong></span> <span class='ocrx_word' id='word_1_153' title='bbox 460 2636 532 2710; x_wconf 80' lang='lat' dir='ltr'><strong>fine</strong></span> <span class='ocrx_word' id='word_1_154' title='bbox 546 2643 738 2732; x_wconf 82' lang='lat' dir='ltr'><strong>genetrice,</strong></span> <span class='ocrx_word' id='word_1_155' title='bbox 765 2637 838 2710; x_wconf 89' lang='lat' dir='ltr'><strong>solo</strong></span> <span class='ocrx_word' id='word_1_156' title='bbox 857 2636 1200 2732; x_wconf 73' lang='lat' dir='ltr'><strong>splendorePboeBeo</strong></span> 
     </span>
     <span class='ocr_line' id='line_1_22' title="bbox 154 2739 666 2832; baseline -0.021 -11"><span class='ocrx_word' id='word_1_157' title='bbox 154 2767 262 2821; x_wconf 80' lang='lat' dir='ltr'><strong>auem</strong></span> <span class='ocrx_word' id='word_1_158' title='bbox 278 2739 372 2814; x_wconf 84' lang='lat' dir='ltr'><strong>hunc</strong></span> <span class='ocrx_word' id='word_1_159' title='bbox 390 2744 577 2832; x_wconf 84' lang='lat' dir='ltr'><strong>procreati.</strong></span> <span class='ocrx_word' id='word_1_160' title='bbox 663 2770 666 2780; x_wconf 87' lang='lat'>·</span> 
     </span>
    </p>
   </div>
   <div class='ocr_carea' id='block_1_4' title="bbox 243 3082 248 3096">
    <p class='ocr_par' dir='ltr' id='par_1_4' title="bbox 243 3082 248 3096">
     <span class='ocr_line' id='line_1_23' title="bbox 243 3082 248 3096; baseline 0 0"><span class='ocrx_word' id='word_1_161' title='bbox 243 3082 248 3096; x_wconf 83' lang='grc'>,</span> 
     </span>
    </p>
   </div>
   <div class='ocr_carea' id='block_1_5' title="bbox 415 3247 943 3322">
    <p class='ocr_par' dir='ltr' id='par_1_5' title="bbox 415 3247 943 3322">
     <span class='ocr_line' id='line_1_24' title="bbox 415 3247 943 3322; baseline -0.008 0"><span class='ocrx_word' id='word_1_162' title='bbox 415 3249 588 3322; x_wconf 86' lang='lat' dir='ltr'>LIBER</span> <span class='ocrx_word' id='word_1_163' title='bbox 624 3247 943 3322; x_wconf 81' lang='lat' dir='ltr'><strong>SECUNDUS.</strong></span> 
     </span>
    </p>
   </div>
   <div class='ocr_carea' id='block_1_6' title="bbox 156 3441 1228 4603">
    <p class='ocr_par' dir='ltr' id='par_1_6' title="bbox 156 3441 1228 4603">
     <span class='ocr_line' id='line_1_25' title="bbox 157 3441 1206 3610; baseline -0.005 -89"><span class='ocrx_word' id='word_1_164' title='bbox 157 3448 416 3610; x_wconf 76' lang='lat' dir='ltr'><strong>Dicendum</strong></span> <span class='ocrx_word' id='word_1_165' title='bbox 438 3447 541 3519; x_wconf 82' lang='lat' dir='ltr'><strong>etiam</strong></span> <span class='ocrx_word' id='word_1_166' title='bbox 567 3442 609 3516; x_wconf 90' lang='lat' dir='ltr'><strong>de</strong></span> <span class='ocrx_word' id='word_1_167' title='bbox 632 3444 758 3520; x_wconf 80' lang='lat' dir='ltr'><strong>avibus</strong></span> <span class='ocrx_word' id='word_1_168' title='bbox 772 3473 797 3527; x_wconf 92' lang='lat'><strong>,·</strong></span> <span class='ocrx_word' id='word_1_169' title='bbox 821 3468 905 3538; x_wconf 84' lang='lat' dir='ltr'><strong>quas</strong></span> <span class='ocrx_word' id='word_1_170' title='bbox 929 3441 1122 3537; x_wconf 86' lang='lat' dir='ltr'><strong>amphibias</strong></span> <span class='ocrx_word' id='word_1_171' title='bbox 1142 3466 1206 3516; x_wconf 80' lang='lat' dir='ltr'><strong>vo·-</strong></span> 
     </span>
     <span class='ocr_line' id='line_1_26' title="bbox 271 3543 1207 3640; baseline -0.005 -21"><span class='ocrx_word' id='word_1_172' title='bbox 271 3569 383 3630; x_wconf 91' lang='lat' dir='ltr'><strong>cant,</strong></span> <span class='ocrx_word' id='word_1_173' title='bbox 423 3571 502 3640; x_wconf 83' lang='lat' dir='ltr'><strong>quae</strong></span> <span class='ocrx_word' id='word_1_174' title='bbox 530 3548 619 3616; x_wconf 84' lang='lat' dir='ltr'><strong>mari</strong></span> <span class='ocrx_word' id='word_1_175' title='bbox 646 3545 839 3638; x_wconf 80' lang='lat' dir='ltr'><strong>gaudent,</strong></span> <span class='ocrx_word' id='word_1_176' title='bbox 884 3543 1113 3635; x_wconf 82' lang='lat' dir='ltr'><strong>litoribusque</strong></span> <span class='ocrx_word' id='word_1_177' title='bbox 1142 3545 1207 3614; x_wconf 89' lang='lat' dir='ltr'><strong>im-</strong></span> 
     </span>
     <span class='ocr_line' id='line_1_27' title="bbox 156 3641 1202 3738; baseline -0.006 -20"><span class='ocrx_word' id='word_1_178' title='bbox 156 3665 363 3729; x_wconf 77' lang='lat' dir='ltr'><strong>morantur,</strong></span> <span class='ocrx_word' id='word_1_179' title='bbox 389 3662 495 3738; x_wconf 86' lang='lat' dir='ltr'><strong>atquc</strong></span> <span class='ocrx_word' id='word_1_180' title='bbox 511 3647 551 3716; x_wconf 91' lang='lat' dir='ltr'><strong>in</strong></span> <span class='ocrx_word' id='word_1_181' title='bbox 570 3648 641 3716; x_wconf 84' lang='lat' dir='ltr'><strong>oris</strong></span> <span class='ocrx_word' id='word_1_182' title='bbox 652 3643 842 3715; x_wconf 77' lang='lat' dir='ltr'><strong>maritimis</strong></span> <span class='ocrx_word' id='word_1_183' title='bbox 861 3642 964 3718; x_wconf 84' lang='lat' dir='ltr'><strong>nidos</strong></span> <span class='ocrx_word' id='word_1_184' title='bbox 985 3641 1202 3714; x_wconf 84' lang='lat' dir='ltr'><strong>construunt.</strong></span> 
     </span>
     <span class='ocr_line' id='line_1_28' title="bbox 157 3742 1205 3836; baseline -0.003 -19"><span class='ocrx_word' id='word_1_185' title='bbox 157 3745 261 3817; x_wconf 88' lang='lat' dir='ltr'><strong>Plura</strong></span> <span class='ocrx_word' id='word_1_186' title='bbox 276 3769 398 3818; x_wconf 90' lang='lat' dir='ltr'><strong>earum</strong></span> <span class='ocrx_word' id='word_1_187' title='bbox 416 3742 498 3817; x_wconf 92' lang='lat' dir='ltr'><strong>sunt</strong></span> <span class='ocrx_word' id='word_1_188' title='bbox 517 3766 662 3836; x_wconf 81' lang='lat' dir='ltr'><strong>genera,</strong></span> <span class='ocrx_word' id='word_1_189' title='bbox 686 3766 794 3836; x_wconf 82' lang='lat' dir='ltr'><strong>eaque</strong></span> <span class='ocrx_word' id='word_1_190' title='bbox 817 3745 922 3815; x_wconf 85' lang='lat' dir='ltr'><strong>varia.</strong></span> <span class='ocrx_word' id='word_1_191' title='bbox 961 3743 1088 3836; x_wconf 82' lang='lat' dir='ltr'><strong>Neque</strong></span> <span class='ocrx_word' id='word_1_192' title='bbox 1110 3743 1205 3814; x_wconf 79' lang='lat' dir='ltr'><strong>eninr</strong></span> 
     </span>
     <span class='ocr_line' id='line_1_29' title="bbox 157 3842 1206 3937; baseline -0.004 -21"><span class='ocrx_word' id='word_1_193' title='bbox 157 3854 253 3916; x_wconf 84' lang='lat' dir='ltr'><strong>mare</strong></span> <span class='ocrx_word' id='word_1_194' title='bbox 269 3848 451 3937; x_wconf 86' lang='lat' dir='ltr'><strong>pauciores</strong></span> <span class='ocrx_word' id='word_1_195' title='bbox 471 3866 576 3937; x_wconf 87' lang='lat' dir='ltr'><strong>quarn</strong></span> <span class='ocrx_word' id='word_1_196' title='bbox 593 3844 697 3915; x_wconf 85' lang='lat' dir='ltr'><strong>tellus</strong></span> <span class='ocrx_word' id='word_1_197' title='bbox 722 3842 899 3921; x_wconf 71' lang='lat' dir='ltr'><strong>avesalits</strong></span> <span class='ocrx_word' id='word_1_198' title='bbox 926 3857 962 3912; x_wconf 85' lang='lat' dir='ltr'><strong>at</strong></span> <span class='ocrx_word' id='word_1_199' title='bbox 983 3862 1106 3915; x_wconf 87' lang='lat' dir='ltr'><strong>natura</strong></span> <span class='ocrx_word' id='word_1_200' title='bbox 1130 3863 1206 3912; x_wconf 87' lang='lat' dir='ltr'><strong>non</strong></span> 
     </span>
     <span class='ocr_line' id='line_1_30' title="bbox 159 3940 1206 4038; baseline -0.009 -22"><span class='ocrx_word' id='word_1_201' title='bbox 159 3944 278 4016; x_wconf 86' lang='lat' dir='ltr'><strong>eadem</strong></span> <span class='ocrx_word' id='word_1_202' title='bbox 295 3947 483 4038; x_wconf 84' lang='lat' dir='ltr'><strong>aquaticis,</strong></span> <span class='ocrx_word' id='word_1_203' title='bbox 512 3965 590 4034; x_wconf 87' lang='lat' dir='ltr'><strong>quac</strong></span> <span class='ocrx_word' id='word_1_204' title='bbox 613 3940 833 4015; x_wconf 86' lang='lat' dir='ltr'><strong>terrestribus</strong></span> <span class='ocrx_word' id='word_1_205' title='bbox 850 3941 908 4013; x_wconf 86' lang='lat' dir='ltr'><strong>est.</strong></span> <span class='ocrx_word' id='word_1_206' title='bbox 936 3942 1003 4012; x_wconf 89' lang='lat' dir='ltr'><strong>His</strong></span> <span class='ocrx_word' id='word_1_207' title='bbox 1016 3943 1111 4014; x_wconf 87' lang='lat' dir='ltr'><strong>enirn</strong></span> <span class='ocrx_word' id='word_1_208' title='bbox 1130 3959 1206 4008; x_wconf 87' lang='lat' dir='ltr'><strong>cor·</strong></span> 
     </span>
     <span class='ocr_line' id='line_1_31' title="bbox 156 4039 1228 4137; baseline -0.01 -21"><span class='ocrx_word' id='word_1_209' title='bbox 156 4067 224 4136; x_wconf 89' lang='lat' dir='ltr'><strong>pus</strong></span> <span class='ocrx_word' id='word_1_210' title='bbox 241 4045 436 4116; x_wconf 81' lang='lat' dir='ltr'><strong>rarioribus</strong></span> <span class='ocrx_word' id='word_1_211' title='bbox 451 4045 579 4137; x_wconf 87' lang='lat' dir='ltr'><strong>tegitur</strong></span> <span class='ocrx_word' id='word_1_212' title='bbox 596 4045 742 4133; x_wconf 88' lang='lat' dir='ltr'><strong>pennis,</strong></span> <span class='ocrx_word' id='word_1_213' title='bbox 762 4040 890 4134; x_wconf 91' lang='lat' dir='ltr'><strong>quibus</strong></span> <span class='ocrx_word' id='word_1_214' title='bbox 904 4040 1047 4112; x_wconf 89' lang='lat' dir='ltr'><strong>celerius</strong></span> <span class='ocrx_word' id='word_1_215' title='bbox 1060 4039 1203 4114; x_wconf 69' lang='lat' dir='ltr'><strong>volente</strong></span> <span class='ocrx_word' id='word_1_216' title='bbox 1221 4101 1228 4113; x_wconf 81' lang='grc'>,</span> 
     </span>
     <span class='ocr_line' id='line_1_32' title="bbox 156 4135 1206 4236; baseline -0.01 -22"><span class='ocrx_word' id='word_1_217' title='bbox 156 4146 328 4236; x_wconf 84' lang='lat' dir='ltr'><strong>aquaticae</strong></span> <span class='ocrx_word' id='word_1_218' title='bbox 351 4165 437 4215; x_wconf 86' lang='lat' dir='ltr'><strong>vero</strong></span> <span class='ocrx_word' id='word_1_219' title='bbox 465 4142 598 4234; x_wconf 78' lang='lat' dir='ltr'><strong>plumas</strong></span> <span class='ocrx_word' id='word_1_220' title='bbox 626 4142 874 4214; x_wconf 83' lang='lat' dir='ltr'><strong>crebriores&amp;</strong></span> <span class='ocrx_word' id='word_1_221' title='bbox 902 4135 1094 4230; x_wconf 76' lang='lat' dir='ltr'><strong>spissiores,</strong></span> <span class='ocrx_word' id='word_1_222' title='bbox 1119 4139 1206 4224; x_wconf 81' lang='lat' dir='ltr'><strong>&#39;quae</strong></span> 
     </span>
     <span class='ocr_line' id='line_1_33' title="bbox 157 4227 1206 4326; baseline -0.01 -9"><span class='ocrx_word' id='word_1_223' title='bbox 157 4264 235 4317; x_wconf 85' lang='lat' dir='ltr'><strong>ncn</strong></span> <span class='ocrx_word' id='word_1_224' title='bbox 253 4259 385 4314; x_wconf 89' lang='lat' dir='ltr'><strong>temere</strong></span> <span class='ocrx_word' id='word_1_225' title='bbox 399 4237 624 4326; x_wconf 74' lang='lat' dir='ltr'><strong>madefiant,-</strong></span> <span class='ocrx_word' id='word_1_226' title='bbox 638 4238 788 4320; x_wconf 82' lang='lat' dir='ltr'><strong>habent,</strong></span> <span class='ocrx_word' id='word_1_227' title='bbox 814 4237 901 4309; x_wconf 82' lang='lat' dir='ltr'><strong>adeo</strong></span> <span class='ocrx_word' id='word_1_228' title='bbox 920 4253 959 4307; x_wconf 88' lang='lat' dir='ltr'><strong>nt</strong></span> <span class='ocrx_word' id='word_1_229' title='bbox 980 4233 1074 4307; x_wconf 81' lang='lat' dir='ltr'><strong>siccis</strong></span> <span class='ocrx_word' id='word_1_230' title='bbox 1090 4227 1206 4306; x_wconf 81' lang='lat' dir='ltr'><strong>eisus·</strong></span> 
     </span>
     <span class='ocr_line' id='line_1_34' title="bbox 159 4332 1207 4436; baseline -0.01 -20"><span class='ocrx_word' id='word_1_231' title='bbox 159 4357 370 4436; x_wconf 82' lang='lat' dir='ltr'><strong>quequaque</strong></span> <span class='ocrx_word' id='word_1_232' title='bbox 385 4339 520 4412; x_wconf 81' lang='lat' dir='ltr'><strong>&#39;volare</strong></span> <span class='ocrx_word' id='word_1_233' title='bbox 553 4339 665 4411; x_wconf 88' lang='lat' dir='ltr'><strong>liceat.</strong></span> <span class='ocrx_word' id='word_1_234' title='bbox 708 4340 849 4411; x_wconf 84' lang='lat' dir='ltr'><strong>Meatus</strong></span> <span class='ocrx_word' id='word_1_235' title='bbox 874 4333 975 4406; x_wconf 84' lang='lat' dir='ltr'><strong>rostri</strong></span> <span class='ocrx_word' id='word_1_236' title='bbox 995 4332 1207 4406; x_wconf 72' lang='lat' dir='ltr'><strong>arduennae</strong></span> 
     </span>
     <span class='ocr_line' id='line_1_35' title="bbox 159 4432 1207 4603; baseline -0.011 -87"><span class='ocrx_word' id='word_1_237' title='bbox 159 4465 305 4540; x_wconf 82' lang='lat' dir='ltr'><strong>quoquc</strong></span> <span class='ocrx_word' id='word_1_238' title='bbox 318 4439 482 4540; x_wconf 77' lang='lat' dir='ltr'><strong>babent,</strong></span> <span class='ocrx_word' id='word_1_239' title='bbox 500 4463 590 4533; x_wconf 70' lang='lat' dir='ltr'><strong>1quo</strong></span> <span class='ocrx_word' id='word_1_240' title='bbox 606 4435 733 4531; x_wconf 85' lang='lat' dir='ltr'><strong>piscem</strong></span> <span class='ocrx_word' id='word_1_241' title='bbox 748 4450 931 4603; x_wconf 54' lang='lat' dir='ltr'><strong>&lt;auep÷um</strong></span> <span class='ocrx_word' id='word_1_242' title='bbox 943 4435 1045 4510; x_wconf 82' lang='lat' dir='ltr'><strong>nullo</strong></span> <span class='ocrx_word' id='word_1_243' title='bbox 1066 4432 1207 4528; x_wconf 85' lang='lat' dir='ltr'><strong>negotio</strong></span> 
     </span>
     <span class='ocr_line' id='line_1_36' title="bbox 892 4546 907 4602; baseline 0 0"><span class='ocrx_word' id='word_1_244' title='bbox 892 4546 907 4602; x_wconf 85' lang='lat' dir='ltr'><strong>t</strong></span> 
     </span>
    </p>
   </div>
   <div class='ocr_carea' id='block_1_7' title="bbox 0 0 1592 5434">
    <p class='ocr_par' dir='ltr' id='par_1_7' title="bbox 0 0 1592 5434">
     <span class='ocr_line' id='line_1_37' title="bbox 0 0 1592 5434; baseline 0 0"><span class='ocrx_word' id='word_1_245' title='bbox 0 0 1592 5434; x_wconf 95' lang='lat' dir='ltr'><strong> </strong></span> 
     </span>
    </p>
   </div>
  </div>
 </body>
</html>
