3175 5434
387 542 500 630 acc·
720 494 1114 614 cruitur⁴

384 677 437 752 Hi
443 677 592 770 primum
602 670 816 771 (perfeetum
827 674 1026 751 Gaditanum
1042 699 1083 745 ex
1094 679 1219 750 Oceano
1232 681 1421 773 intrantes)
1508 687 1509 728 l

385 783 426 852 in
441 775 576 848 Iberico
593 779 701 856 mari,
734 775 859 848 deinde
876 775 964 846 ciica
985 773 1148 848 Rhodani
1163 779 1290 850 ostium
1309 782 1421 854 aCel·

387 877 489 950 tis-&
507 871 769 948 Maffilienfibus
793 877 997 969 capiuntur:
1029 873 1145 965 'postea
1164 899 1183 945 a
1205 877 1356 968 Siculis,
1386 883 1420 951 dc

386 978 493 1049 maris
510 974 689 1065 Tyrrheni
704 975 857 1046 accolis:
887 971 971 1046 hinc
993 995 1076 1044 vero
1106 971 1228 1066 pallim'
1241 979 1422 1071 reliquum
1490 983 1509 1064 j

387 1092 680 1166 marepererrant.
711 1074 867 1148 Primum
878 1075 984 1166 igitur
1000 1075 1103 1144 maris
1116 1074 1231 1148 locum
1252 1077 1349 1150 litori
1368 1081 1422 1150 vi·
1508 1093 1509 1110 ¹

388 1179 508 1249 einum
527 1171 702 1266 deligunt,
734 1197 809 1245 non
828 1175 932 1245 nimis
946 1171 1146 1266 angustum,
1173 1198 1236 1246 nec
1255 1179 1318 1271 qui
1336 1202 1423 1250 ven-

345 1281 350 1297 ’
388 1279 435 1350 tis
448 1267 656 1366 pateam-sed
668 1272 894 1366 tranquillum
912 1276 1112 1345 &cavernis
1126 1275 1201 1348 luce
1221 1283 1423 1368 temperatis
1507 1277 1509 1290 ⁴

389 1372 605 1464 instructum.
645 1373 731 1450 Inde
747 1374 872 1466 aliquis
893 1369 1200 1466 (thynnosccpus)
1218 1379 1256 1445 in
1272 1377 1424 1450 editiore

388 1497 473 1566 rupe
496 1471 713 1563 thynnorum
731 1471 992 1544 advenientium
1003 1474 1094 1542 viam
1107 1475 1138 1544 de
1151 1498 1344 1562 numerum
1362 1477 1426 1548 οΓιἭ

388 1573 503 1648 servat
522 1574 554 1644 dc
571 1567 672 1642 sociis
686 1569 895 1652 denunciat,
929 1574 991 1664 qui
1010 1570 1119 1646 statim
1137 1577 1221 1645 retia
1246 1578 1422 1668 explicant
1508 1605 1509 1620 ¹

390 1671 580 1752 vestibulo,
608 1687 774 1764 portaque
791 1673 825 1743 de
840 1671 928 1742 atrio
943 1669 1115 1746 instrudta.
1150 1672 1299 1765 Thynni
1316 1680 1422 1748 viriis
1508 1681 1509 1746 Γ

387 1771 577 1847 secundum
586 1789 719 1844 aetatem
732 1772 855 1844 turmis
870 1768 1038 1852 distintli,
1058 1765 1168 1845 veluti
1183 1773 1324 1847 hostiles
1339 1775 1421 1870 pha
1508 1773 1509 1776 ’

387 1874 533 1968 langen
521 1887 741 1965 irrumpunt,
768 1866 879 1942 donec
895 1872 981 1944 retia
999 1871 1138 1964 impieta
1155 1869 1299 1948 fuerint.

518 2186 524 2192 ,
580 2058 1238 2200 ΜΗ

655 2373 707 2478 O
743 2371 785 2480 P
824 2369 864 2480 P
902 2375 921 2480 l
956 2376 1010 2483 A
1047 2375 1101 2484 Ν
1137 2377 1157 2482 Ι

399 2648 405 2655 -
497 2601 578 2676 ue
626 2599 1049 2676 rrscnrroua
1100 2600 1215 2677 ιιι.
1242 2599 1317 2671 1v.

297 2867 306 2876 ι
396 2787 514 2940 Sunt
534 2807 622 2876 quos
641 2805 757 2854 amore
775 2778 947 2875 perculsos
969 2782 1115 2864 exitiali,
1153 2775 1423 2873 perniciosaeque
1508 2855 1509 2860 ,

472 2885 609 2953 veneris
641 2899 837 2974 appetentes
865 2907 883 2952 e
912 2883 998 2952 mari
1029 2881 1268 2976 depraedantur
1295 2877 1423 2972 pisces,
1508 2879 1509 2954 ἶ

393 3003 545 3074 quorum
567 2998 739 3072 capturam
769 2981 841 3073 jam
863 2983 1012 3056 carmine
1040 2980 1237 3073 explicabo,
1280 2981 1383 3072 quale
1404 3003 1424 3052 a

391 3077 503 3156 Mufis
527 3079 648 3154 dotlus
670 3083 806 3172 accepi,
835 3097 876 3152 ut
893 3097 1012 3163 tuum,
1039 3078 1216 3154 fortiffime
1235 3081 1425 3172 Imperato-

391 3205 492 3262 rum,
519 3183 714 3262 Antonine,
742 3179 877 3274 filiique
890 3183 943 3252 tui
954 3183 1108 3280 animum
1124 3177 1290 3264 suavitate
1305 3198 1424 3254 eantur

392 3276 568 3372 perfusum
590 3279 780 3351 delinirem.
825 3281 929 3352 Vos
920 3283 1027 3376 egitur
1050 3282 1196 3374 inceptis
1216 3277 1425 3372 fauete,&
1393 3283 1431 3354 dr,

392 3380 543 3472 benigne
562 3395 740 3500 canentem
759 3339 956 3454 auscultate.

395 3642 401 3664 .
447 3590 781 3674 11.Fraudulente,
807 3593 956 3666 exitialis
969 3589 1094 3666 Amor!
1120 3589 1267 3664 deorum
1282 3591 1432 3686 quidem,

364 3695 550 3779 ,omnium
577 3693 680 3786 longe
708 3692 956 3785 pulcherrime,
990 3690 1152 3764 sedidem
1169 3690 1424 3779 crudelissime,
1507 3761 1509 3774 ,

346 3861 357 3866 ,
393 3815 473 3864 eum
493 3790 698 3884 improvisus
719 3792 902 3866 hominum
925 3812 1075 3864 mentem
1090 3793 1199 3864 veluti
1218 3795 1371 3885 procella
1387 3797 1427 3868 il.

388 3885 524 3982 lapsus,
560 3891 710 3963 flammis.
733 3892 966 3986 dolorumque
993 3891 1155 3964 fluetibus
1182 3893 1426 3968 exaestuantem

391 3987 541 4082 furiasti!
586 3993 749 4065 Maximae
768 3992 834 4064 tibi
851 3993 1021 4086 voluptati
1050 3989 1130 4064 sunt
1149 3993 1299 4064 lacrimae
1326 3999 1424 4088 genis

391 4088 577 4189 profusae,
589 4095 738 4166 &erana
752 4094 886 4164 intimis
899 4093 941 4164 de
953 4092 1150 4185 praecordiis
1161 4088 1304 4184 suspiria
1323 4119 1425 4169 exau-

393 4191 467 4263 dire
487 4217 567 4264 aves
585 4189 827 4279 inexorabilis,
851 4191 915 4264 ubi
935 4191 1021 4264 nisce
1023 4190 1120 4264 ribus
1135 4196 1274 4282 penitus
1291 4199 1426 4268 exulce-

390 4293 475 4363 ratis
488 4287 652 4385 genisque
664 4295 854 4372 excavatis,
870 4289 1011 4364 miseros
1029 4293 1155 4364 mentis
1170 4291 1256 4364 stetu
1272 4293 1431 4383 dejectos.
1507 4307 1509 4330 ⁴

394 4388 572 4462 confistere
588 4416 662 4462 non
685 4388 788 4472 finis,
814 4389 967 4493 sedadec
989 4389 1112 4508 saepe,
1128 4411 1215 4484 quos
1233 4400 1433 4484 potentiam.
1508 4427 1509 4460 ι

303 4596 311 4621 ἡ
394 4502 605 4586 numaeque
621 4484 808 4572 iracundiae
826 4495 916 4572 vires
927 4487 1086 4590 experiri
1102 4493 1315 4580 volueris,
1303 4519 1344 4572 na
1354 4521 1433 4593 per
1508 4483 1509 4564 l
