3175 5434
324 477 473 608 ‘am
559 583 564 594 .
726 523 1075 592 orr1au1

386 645 517 752 inpete
536 679 599 730 ceu
618 651 792 750 refugium
817 651 991 749 quoddam
1019 647 1160 745 trepidae
1187 649 1422 748 confugiunt,

389 760 425 830 dc
444 751 693 840 extrahuntur,
720 759 758 828 in
775 755 954 849 angustum
965 775 1033 847 prae
1051 769 1146 824 metu
1162 752 1326 844 collectae,
1336 756 1424 827 dum

387 853 512 940 funes,
539 855 667 949 quibua
682 853 831 928 trahitur
846 871 941 938 rete,
978 869 1172 926 commotos
1191 855 1327 928 timent.
1364 853 1424 928 In-

380 957 482 1028 terea
499 953 681 1048 piscatores
696 953 763 1026 diis
788 971 943 1044 vovent,
975 949 1120 1046 nequid
1137 955 1237 1026 ereti
1258 950 1390 1026 exsiliat
1407 1009 1421 1044 ,

390 1059 425 1128 da
443 1057 564 1130 ceteris
580 1058 671 1128 viam
686 1053 864 1128 monstret.
893 1051 961 1127 hoo
977 1055 1070 1125 enim
1084 1047 1178 1136 viso,
1202 1078 1285 1126 mox
1297 1075 1422 1126 omnes

388 1155 553 1228 evadunt.
597 1149 744 1241 Quodsi
764 1153 854 1228 nihil
869 1149 1001 1226 adversi
1021 1155 1177 1235 eveniat,
1213 1145 1423 1248 plerumque

378 1258 428 1349 'in
437 1253 541 1350 ipsam
560 1271 686 1327 terram
698 1253 918 1348 pelamydes,
944 1253 1030 1326 retia
1046 1251 1238 1346 relinquere
1258 1255 1423 1326 nolentes

376 1353 588 1429 'extrahunt
626 1357 681 1429 Sic
697 1356 800 1426 etiam
815 1357 855 1427 in
871 1351 962 1426 silvis
980 1376 1100 1434 cervos
1118 1356 1258 1445 capiunt
1276 1373 1424 1424 venato-

386 1477 444 1528 res
455 1514 468 1546 ,
481 1453 565 1528 dom
582 1478 653 1550 prae
671 1472 766 1526 metu
781 1453 826 1528 ad
842 1452 1065 1528 formidinem
1078 1455 1183 1528 variis
1203 1456 1324 1528 avium
1337 1478 1423 1548 pen-

388 1555 446 1628 nis
466 1574 621 1628 orraatam
634 1555 792 1630 accedere
811 1579 885 1630 non
903 1553 1043 1628 audent.

409 1775 413 1780 ¹
442 1781 523 1858 593·
556 1765 725 1842 Urinator
739 1769 864 1862 aliquis
883 1765 1014 1860 peritus
1033 1765 1072 1838 in
1093 1767 1179 1840 mari
1199 1761 1299 1838 facite
1313 1768 1421 1841 etiam
1507 1757 1508 1794 ³

385 1867 548 1940 manibus
557 1865 669 1962 sargos
686 1866 1004 1961 tepent&sciaenas
1013 1865 1190 1958 (erubrus).
1215 1867 1311 1960 Sargi
1324 1872 1421 1941 enim

386 1967 514 2060 trepidi
526 1969 566 2038 in
582 1968 762 2060 angustum
770 1971 919 2064 aliquem
934 1969 1049 2040 lucum
1061 1963 1166 2040 maris
1183 1961 1216 2036 sc
1230 1969 1419 2060 recipiunt,
1508 1967 1509 2006 ³

278 2111 283 2120 ι
386 2069 588 2140 catervatim
608 2067 760 2151 collecti,
783 2066 938 2162 &spinis
956 2063 1046 2140 dorfi
1065 2065 1259 2160 rigentibus
1276 2071 1326 2140 ita
1336 2067 1421 2138 hor.

383 2181 493 2256 rent,
527 2190 590 2240 ceu
615 2170 727 2240 vineae
751 2169 896 2262 alicujus
926 2165 1153 2260 sepimentum
1178 2161 1286 2260 spinis¹
1309 2165 1419 2240 confi-

368 2280 489 2348 ‘tum,
521 2283 562 2340 at
583 2267 774 2340 tradiebiies
799 2294 875 2342 non
902 2266 978 2346 fint.
1021 2265 1078 2340 sed
1105 2269 1235 2360 peritus
1257 2269 1418 2348 urinator

379 2365 663 2440 'animadvertens
683 2371 802 2460 capitis
826 2368 1010 2462 caudaeque
1034 2364 1135 2438 fitum
1150 2370 1188 2438 in
1207 2363 1373 2460 singuiis,
1397 2389 1417 2440 a

378 2467 498 2558 'capite
514 2470 666 2560 primum
689 2471 894 2564 contingens
918 2465 1028 2560 spina's
1047 2465 1236 2560 permulcet
1251 2491 1290 2539 ac
1307 2467 1418 2560 depri-

386 2567 475 2650 mit,
502 2584 648 2661 utraque
665 2591 771 2642 manu
787 2566 957 2665 fingulum
975 2565 1244 2664 apprehendens.
1270 2567 1419 2642 Manent

389 2667 446 2738 ilii
457 2665 699 2742 condensati&
719 2675 913 2765 capiuntur.

437 2889 521 2954 616.
546 2879 677 2954 Eodem
690 2879 913 2954 modoetiam
931 2877 1087 2954 sciaenam
1105 2875 1316 2964 (sarabiam,
1329 2881 1416 2954 moi·

379 2969 493 3072 serm)
506 2984 657 3072 capiunt.
684 2982 769 3054 Haec
784 2986 879 3054 enim
897 2985 936 3054 in
954 2999 1050 3054 metu
1071 2977 1114 3054 ad
1130 2977 1206 3052 saara
1227 2977 1414 3066 festinans,
1509 3043 1510 3054 ,

381 3102 506 3151 cavum
525 3079 666 3174 aliquod
679 3083 824 3174 quaerit,
847 3099 909 3154 aut
917 3077 1111 3168 scissuram,
1128 3096 1189 3152 aut
1206 3077 1333 3153 herbas
1345 3105 1415 3154 ma-
1509 3125 1510 3130 κ

298 3193 304 3205 ‘
379 3180 474 3250 rinae
491 3176 593 3250 subit
627 3199 787 3253 contenta
805 3181 851 3254 est
873 3197 988 3254 autem
1009 3182 1118 3273 capite
1145 3195 1280 3252 tantum
1299 3181 1413 3254 occul.

381 3291 474 3359 tato,
501 3277 543 3348 de
558 3279 693 3374 reliquo
708 3305 850 3374 corpore
866 3305 940 3354 non
954 3278 1104 3362 solicita,
1130 3294 1297 3372 tanquam
1308 3278 1413 3356 sisuie
1508 3305 1510 3384 j

375 3371 451 3476 ipsa
471 3375 580 3448 oeulis
597 3403 670 3451 non
684 3380 819 3462 videat,
846 3379 888 3452 ab
906 3383 1027 3458 alienia
1050 3404 1189 3475 quoque
1206 3404 1280 3451 non
1294 3383 1412 3456 videa·
1508 3391 1510 3484 j

380 3491 450 3552 tur.
477 3477 594 3568 itaque
609 3475 837 3552 stolidasacile
853 3479 1155 3574 comprehenditur
1166 3479 1208 3552 ab
1218 3481 1407 3559 urinatore.

381 3574 436 3648 Sic
454 3573 601 3649 struthio
621 3579 654 3650 da
675 3577 823 3653 bubalus
845 3577 1019 3666 Africani,
1045 3578 1101 3652 hic
1124 3581 1430 3654 construentem

373 3675 514 3780 ¹leonem
534 3679 675 3762 metuit,
706 3683 815 3775 capite
832 3683 864 3753 dc
885 3681 994 3754 oculis
1009 3685 1047 3754 in
1062 3676 1249 3754 fruticibus
1263 3677 1411 3754 abscon·

380 3773 488 3890 ditio,
511 3774 653 3850 totorse
672 3779 776 3854 latere
793 3795 941 3876 putant,
968 3781 1080 3856 donec
1091 3783 1135 3852 ab
1149 3779 1245 3854 hoste
1263 3784 1416 3856 circum-

376 3890 479 3982 uenti.
490 3893 647 3968 pereant.

368 4171 372 4178 .
430 4086 514 4164 635.
542 4073 592 4148 Hi
606 4069 686 4150 sunt
704 4075 901 4172 piscationis
922 4076 1015 4154 modi
1033 4102 1124 4172 quos
1142 4081 1330 4164 novimum
1354 4107 1409 4157 re·

373 4169 467 4266 iiqui
493 4198 578 4247 vero
595 4172 702 4266 pisces
719 4183 847 4270 pariter
864 4177 987 4265 nessia,
1023 4181 1079 4251 vel
1102 4177 1212 4254 stantis
1229 4181 1408 4258 retibusve

375 4291 438 4343 aut
460 4279 572 4349 contis
594 4275 746 4350 interdiu
773 4281 828 4352 vel
854 4279 961 4354 no'diu
988 4283 1181 4373 capiuntur.
1223 4285 1408 4376 Nodiurna

376 4371 517 4462 quidem
542 4390 679 4462 captura
704 4402 782 4450 cum
808 4378 939 4454 facibus
964 4376 1032 4459 fita
1072 4381 1153 4452 dum
1186 4384 1279 4455 enim
1301 4381 1412 4476 pisces

289 4526 294 4532 .
324 4508 336 4527 -x
374 4467 517 4541 flammae
535 4467 820 4565 suigoreexcitati
841 4487 928 4556 circa
945 4479 1140 4555 naviculam
1149 4477 1330 4582 piscatoris
1346 4509 1412 4562 ex-

370 4564 523 4661 sultant,
542 4572 705 4656 tridentis
720 4579 853 4685 ictibus
871 4577 1111 4680 configuntur!
1401 4573 1404 4581 ¹
