3175 5434
388 546 468 635 372

387 706 393 717 ·
463 690 496 739 v.
510 662 582 750 ⁴465.
610 672 713 735 Aldina
737 658 795 736 sen
819 656 919 739 duta,
943 657 1023 749 qood
1044 668 1201 731 Turnebus
1217 669 1371 742 correxit,
1393 670 1422 728 bt

382 760 530 823 liittersir.
549 758 670 835 demum
685 756 798 831 recepit
812 750 850 811 ἵν’
867 755 1000 826 eiyxniaa,
1023 765 1056 811 ut
1071 750 1110 811 eli
1125 750 1215 811 etiam
1232 752 1264 809 in
1279 750 1358 809 libro
1367 749 1422 810 Re-

381 842 438 921 gio.
467 839 525 900 Sed
546 856 600 917 pro
618 842 739 911 deserina
756 835 878 894 omnino
895 832 1054 911 legendum
1077 830 1182 891 censeo
1203 836 1317 895 atsaiw
1332 844 1422 890 terre·
1509 881 1510 902 ,

372 922 488 1001 jlrilnrt
506 919 716 987 animalibus,
747 914 826 992 quod
849 914 939 975 etiam
958 915 989 987 in
1004 911 1165 972 versronem
1192 910 1422 971 Turnebinnunr
1509 941 1510 944 =

379 999 476 1061 intuli.
499 998 614 1061 Deinde
626 994 786 1071 tropiensem
800 996 907 1055 iterum
925 1006 1096 1069 corruptum
1112 991 1169 1065 est,
1186 994 1234 1053 cui
1251 990 1422 1051 substituen-

382 1082 455 1161 dum
471 1077 626 1155 eapientem
643 1088 733 1154 puto,
757 1078 876 1139 Bruntlr
890 1094 961 1136 vero
979 1071 1107 1152 malebat
1124 1072 1223 1150 legere
1240 1074 1310 1144 ῥινοῖς
1326 1070 1422 1139 ebal·

383 1184 418 1222 m
436 1156 612 1237 sapientialem
1175 1186 1180 1196 ι
1509 1167 1510 1230 ᾗ

418 1248 422 1260 “
463 1254 576 1317 v.470.
603 1238 715 1319 Omnes
737 1238 927 1313 interpretes,
956 1254 1028 1313 quos
1052 1234 1201 1307 consului,
1231 1248 1322 1311 atque
1346 1233 1421 1293 adeo
1509 1249 1510 1288 i

387 1324 532 1401 Gqsnerns
545 1320 625 1390 denis
641 1332 760 1382 vertunt
771 1337 927 1396 paruum,
950 1317 1029 1393 quod
1047 1318 1164 1393 proprie
1180 1316 1345 1391 glabram,
1369 1335 1422 1373 reu·
1509 1301 1510 1326 ¹

382 1404 456 1464 dnm
477 1402 524 1463 est.
549 1400 666 1463 eornm
681 1412 782 1461 tamen
798 1418 835 1459 ex
849 1397 1044 1473 descriptione
1061 1394 1258 1486 Huffrlquisti
1273 1396 1419 1456 instinct.

381 1482 518 1546 Palaestin.
534 1498 640 1559 paea.
664 1482 752 1542 etiam
766 1491 855 1557 caput
869 1478 934 1555 pilis
953 1476 1121 1539 brevissimis
1135 1476 1233 1555 rigtdis
1253 1478 1323 1553 tegi.
1366 1476 1421 1545 Hic
1509 1495 1510 1498 ¹

383 1564 491 1627 scilicet
505 1564 598 1624 feram
618 1561 695 1622 hanc
717 1578 754 1622 ex
769 1558 830 1621 visu
848 1557 933 1636 pellis
953 1556 1099 1634 descripsit
1119 1557 1261 1618 methodo
1288 1559 1421 1616 Linrraeu·

384 1664 444 1719 no,
467 1644 601 1705 sedeam
619 1640 717 1702 multis
735 1641 831 1701 modis
849 1659 905 1701 nec
923 1641 1029 1714 injurie
1044 1640 1136 1714 carpit
1151 1636 1196 1698 lli.
1220 1636 1357 1712 Buffon,
1375 1639 1422 1713 qui

384 1725 515 1793 'mxlii
541 1744 569 1802 p.
588 1744 612 1783 1.
634 1722 708 1799 seqq.
738 1720 788 1781 ubi
808 1718 1055 1797 cameloparririin
1074 1718 1124 1779 sub
1150 1719 1271 1779 nornine
1303 1718 1422 1794 Gr'nuffe

383 1804 538 1883 descripsit,
566 1806 679 1865 licionii
696 1802 922 1877 descriptionem
941 1820 995 1861 ceu
1016 1798 1109 1860 multo
1124 1799 1342 1879 diligentiorem
1353 1818 1423 1875 pra-

382 1888 449 1949 fert.
493 1886 565 1962 Qua
581 1898 692 1945 veteres
713 1883 750 1944 de
769 1881 995 1958 camelopardali
1013 1881 1219 1953 tradiderunt,
1248 1880 1319 1940 vide
1343 1880 1423 1957 apud

385 1967 548 2045 ueneram
566 1968 594 2025 lt
614 1968 795 2025 nocturnum
820 1962 937 2025 Hieroz.
955 1962 991 2023 T.
1009 1961 1031 2023 i.
1055 1981 1162 2039 poro.
1200 1961 1284 2022 Unus
1306 1962 1424 2039 Oppiuss

382 2066 440 2109 nus
455 2067 490 2106 ex
509 2044 622 2106 vetustis
639 2044 823 2121 scriptoribus
836 2061 946 2105 cornua
964 2042 1011 2103 seu
1030 2060 1175 2103 cornuum
1188 2040 1337 2118 speciem,
1361 2061 1423 2119 qua

382 2129 413 2188 in
433 2127 530 2187 media
552 2126 649 2185 fronte
670 2124 751 2186 velut
774 2126 872 2201 apices
895 2125 1043 2196 eminent,
1075 2126 1104 2184 de
1123 2123 1160 2183 de
1176 2142 1303 2199 quorum
1321 2138 1423 2183 natura

382 2222 489 2286 magna
509 2205 606 2267 adhuc
627 2205 770 2266 dubitatio
792 2205 848 2278 est,
871 2206 1060 2277 memoravit,
1083 2204 1171 2265 etiarn
1190 2205 1220 2262 in
1243 2201 1358 2279 reliqua
1376 2205 1424 2265 de-

383 2289 542 2365 scriptione
556 2287 731 2363 praecipuam
753 2285 872 2346 laudem
890 2287 1018 2347 meritus.
1043 2282 1139 2345 linitae
1157 2286 1187 2343 in
1202 2304 1293 2361 opere
1312 2284 1423 2365 mufiso

382 2369 554 2435 Praenestino
570 2369 655 2427 maris
673 2372 700 2427 u
716 2368 833 2426 feminae
848 2364 1088 2443 camelopardalis
1102 2366 1200 2442 imago
1216 2384 1286 2425 cum
1301 2367 1424 2427 ‘nornine

306 2506 309 2514 .
381 2450 545 2527 adscripto,
576 2447 655 2525 quod
672 2460 770 2508 tamen
792 2449 824 2505 in
840 2445 977 2523 exemplo
996 2444 1181 2506 monumenti
1205 2445 1424 2522 praestantissimi

382 2531 462 2608 apud
485 2530 709 2603 bionrfuncon,
732 2548 791 2605 quo
806 2525 873 2587 usus
889 2527 928 2587 eit
947 2530 1058 2588 Scirum
1081 2525 1202 2587 Travels
1227 2547 1255 2603 p.
1268 2546 1339 2602 423.
1365 2527 1420 2605 seq.

379 2609 517 2694 omissum
532 2608 581 2679 eli,
594 2628 676 2686 reque
690 2620 780 2684 atque
793 2610 887 2679 ineo,
910 2609 990 2683 quoi
1006 2606 1079 2669 olim
1094 2604 1263 2668 clariffimus
1281 2610 1423 2685 Argento-

382 2690 540 2753 rateniium
555 2688 703 2762 Professor,
715 2693 777 2761 Joit
809 2690 888 2749 Dan.
905 2691 1086 2769 Seiroepflin,
1109 2688 1211 2748 Roma
1229 2688 1345 2766 abipso
1362 2710 1423 2749 mo-

379 2784 528 2835 numento
548 2770 714 2831 desumtnm
733 2771 805 2831 vivis
827 2768 973 2829 coloribus
993 2770 1074 2847 pingi
1097 2783 1257 2830 curaverat.
1292 2771 1360 2831 Hoc
1382 2770 1423 2830 bi

382 2854 538 2915 bliothecae
555 2852 802 2927 hriqentoratenlis
817 2848 966 2914 cimelium
980 2850 1032 2911 sub
1048 2848 1147 2910 oculis'
1166 2849 1330 2923 habebam,
1355 2870 1423 2912 cum

383 2934 446 2995 haec
463 2934 632 3006 i'cri‘oerem3
655 2934 685 2992 in
703 2952 739 2993 eo
757 2933 844 3008 igitur
858 2931 940 2991 velut
954 2932 985 2990 in
1002 2929 1094 2992 altero
1110 2929 1265 3007 exemplo,
1290 2934 1373 3007 quod
1386 2931 1420 2991 ab

383 3014 487 3077 illustri
501 3015 617 3074 Comite
640 3016 747 3093 Cuplus
772 3012 824 3072 fibi
848 3012 986 3073 traditum
1000 3012 1142 3075 cranium
1160 3011 1224 3071 fere
1243 3014 1360 3087 optime
1375 3032 1423 3073 ex-

379 3094 487 3172 plicuit
510 3097 702 3173 iiortlrelemy
724 3094 756 3153 in
781 3092 946 3161 Mernoiret
969 3094 1006 3155 rle
1025 3090 1218 3169 I’Acurie'mir
1239 3094 1292 3152 des
1317 3096 1420 3154 Beuu-

384 3178 504 3237 Lettres
519 3176 554 3236 T.
566 3176 665 3237 XXX.
689 3194 717 3251 p.
736 3191 801 3249 503.
826 3171 902 3249 seqq.
918 3173 1008 3235 video
1024 3171 1100 3251 pilos
1114 3170 1294 3249 longissimos
1314 3176 1342 3233 ἃ
1358 3174 1423 3251 rigi

376 3256 457 3327 dos,
481 3254 583 3333 quibus
601 3273 744 3315 cornuum
764 3255 862 3330 apices
879 3255 949 3315 teeti
965 3253 1074 3327 latent,
1096 3254 1128 3312 in
1140 3252 1230 3314 altera
1248 3253 1356 3314 harum
1382 3256 1424 3314 fe·

378 3356 495 3405 rarum,
519 3354 598 3395 mare
613 3334 767 3405 videlicet,
789 3336 821 3394 in
837 3335 947 3395 femina
969 3354 1030 3395 non
1047 3334 1136 3408 item,
1161 3330 1316 3395 clarissime
1336 3354 1424 3413 appa·

381 3436 454 3477 rere.
479 3415 602 3491 Quodis
618 3416 715 3491 imago
734 3416 783 3475 iiia
800 3429 910 3481 naturae
926 3415 1017 3477 iidem
1037 3415 1180 3492 sequitur,
1204 3434 1422 3493 magnumpru

379 3498 457 3559 feeto
477 3508 661 3557 momentum
688 3495 750 3556 hac
779 3495 940 3557 observatio
965 3486 1003 3557 ad
1026 3496 1241 3557 dubitationem
1262 3498 1300 3558 de
1319 3510 1420 3558 natura

380 3598 525 3640 cornuum
540 3580 570 3638 in
592 3575 1051 3654 camelopardalihaberedebet.
1075 3576 1228 3639 Ineodem
1246 3598 1421 3640 monumen·

381 3673 413 3721 to
428 3672 531 3737 praeter
547 3658 750 3720 ichneumonis
767 3678 836 3719 cum
849 3658 948 3734 aspide
963 3676 1111 3737 pugnarn,
1137 3661 1165 3719 ἃ
1179 3658 1419 3732 rhinocerotem,

371 3755 501 3834 apparet
518 3742 604 3800 etiam
621 3740 696 3813 sera,
720 3759 781 3815 quae
795 3739 972 3816 adscriptum
988 3753 1097 3800 nomen
1112 3741 1201 3807 iasar
1215 3739 1323 3812 habet,
1344 3742 1423 3800 ado-

380 3819 502 3882 etiliimo
518 3821 612 3895 Angla
630 3822 743 3881 Scitum
761 3822 799 3881 ad
820 3821 969 3882 camelum
982 3820 1105 3881 relatum
1120 3840 1148 3897 p.
1162 3838 1231 3895 434.
1248 3822 1326 3897 quafi
1341 3825 1421 3889 vasae

371 3916 418 3965 ‘ex
434 3901 494 3971 risle
507 3900 698 3978 gibiuroinm
712 3900 929 3978 heri-potuerit.
970 3901 1075 3962 Veram
1097 3902 1219 3961 omnino
1236 3902 1343 3963 censeo
1362 3904 1423 3965 seo-

369 3985 503 4046 *tentiam
524 3980 676 4042 dottiisrmi
699 3980 774 4042 Galli
794 3984 1011 4061 Burthelenry,
1037 3983 1086 4060 qui
1105 3982 1422 4046 leviuscula-immuta-

368 4067 461 4126 tione
472 4065 562 4132 Nasus
577 4062 734 4139 legendum
752 4062 1081 4140 existimabatisipsam
1099 4064 1258 4141 imaginem
1275 4065 1314 4124 ad
1329 4066 1418 4127 feram
1447 4101 1453 4110 ·

362 4145 572 4222 '·AEthiopicam
592 4146 692 4203 Nubin
707 4144 816 4203 dietam
830 4145 1037 4218 transferebat,
1058 4162 1146 4221 quant
1158 4147 1280 4218 Plinius
1293 4156 1321 4215 8.
1334 4168 1359 4209 c.
1373 4159 1415 4217 18.

367 4227 457 4288 male
470 4247 539 4287 cum
553 4222 778 4299 cameloparpali
794 4224 956 4285 confudisse
973 4226 1099 4288 videtur.
1507 4291 1508 4296 .

461 4324 493 4369 v.
507 4317 575 4382 478.
598 4306 699 4384 Wuffe
714 4305 745 4363 in
762 4304 831 4365 Obs.
846 4304 970 4367 Miscell.
989 4325 1014 4381 3.
1035 4325 1126 4384 p.·57.
1144 4296 1274 4366 stmiliter
1288 4303 1420 4369 utGuie-
1507 4313 1508 4334 ³

366 4399 429 4446 ens
443 4386 621 4449 emendabat
632 4384 812 4456 mauricianae„
836 4380 901 4447 nid.
925 4388 996 4463 Reg.
1014 4385 1164 4465 ampliarat
1179 4386 1280 4447 habet.
1293 4390 1419 4465 'tl-Tur-

366 4468 452 4527 'nebo
467 4467 610 4544 iperpt‘iuru't
627 4468 740 4545 recepit
754 4466 892 4527 Rittersh.
959 4483 990 4529 V.
1006 4480 1075 4545 483.
1093 4465 1165 4548 uersi
1179 4466 1288 4540 caeli-ota
1303 4468 1420 4548 ieiunam

362 4546 398 4611 -ἰ
416 4564 442 4611 e·
465 4547 672 4628 spernimur,
704 4567 793 4669 qqcot
809 4550 873 4630 pari
888 4549 1047 4617 verbum
1071 4547 1288 4654 compositione
1313 4551 1423 4615 Arabes
