3175 5434
340 539 410 604 DE
450 535 804 606 veneratus
840 541 946 604 tra·
983 541 1043 606 11·
1126 541 1222 610 221‘

83 664 84 708 ³
162 667 332 742 florentes
349 661 497 740 onerant
514 687 609 736 areas
621 667 821 740 Memnonis
839 671 969 740 mecum
988 666 1127 753 sanum,
1145 671 1210 746 ubi

162 765 292 860 Assyrii
312 767 437 838 incolae
453 767 648 838 Memnona
669 767 789 858 lugent
811 767 984 858 inclytum
1011 767 1123 842 fillum
1141 773 1212 844 Aa.

161 891 276 948 rore,
312 890 417 959 qucm
447 864 640 956 aliquando
669 861 834 956 Trajanis
862 868 993 938 auxilio
1015 858 1209 960 profde

163 967 277 1040 audax
295 967 442 1036 maritus
465 962 658 1036 Deidamiae
679 965 838 1036 celeriter
860 964 1007 1037 domuit.
1052 969 1116 1042 Sed
1134 968 1212 1045 haec

165 1067 331 1161 quidem,
359 1064 535 1144 dedecet,
560 1085 723 1134 canemus
739 1065 851 1156 ampla
868 1083 1070 1138 ornamenta
1089 1072 1211 1162 patriae
1326 1158 1328 1163 ι

167 1167 294 1240 nostrae
322 1171 461 1236 mnoeno
480 1163 635 1254 Pimplea
660 1165 835 1234 carmine:
870 1187 965 1237 nunc
988 1183 1104 1239 autem
1123 1191 1210 1242 con·

168 1263 269 1340 verso
285 1267 408 1336 itinere
429 1285 536 1357 pergo
552 1261 595 1339 ad
607 1263 780 1354 inclytum
798 1263 842 1335 de
857 1267 1044 1338 venatione
1056 1273 1211 1348 carmen:

221 1497 301 1564 ¹59·
338 1472 395 1547 Est
413 1489 513 1545 atrox
533 1475 624 1545 inter
641 1491 804 1548 cruentos
823 1491 941 1550 tauros
956 1502 1085 1574 genus,
1113 1499 1207 1572 quos
1229 1480 1233 1487 ’

166 1595 297 1648 vocant
315 1573 488 1655 Bistonas,
518 1577 598 1664 quia
619 1599 663 1644 ex
683 1579 792 1668 patria
807 1572 888 1649 sunt
905 1577 1080 1652 llillonide
1094 1578 1208 1653 Thra

166 1679 238 1757 cia3
263 1699 387 1747 verum
407 1669 554 1746 sormam
571 1671 702 1746 babent
719 1675 840 1747 talem:
868 1675 1072 1752 horrentem
1083 1677 1208 1770 jubam

165 1776 310 1868 quidem
327 1775 366 1845 ln
384 1776 489 1844 armis
516 1777 681 1867 quatiunt
701 1778 833 1848 circum
854 1779 1006 1850 cervices
1024 1780 1208 1870 opimas&

166 1880 300 1950 circum
328 1875 445 1946 mollia
470 1891 606 1945 menta:
641 1877 674 1946 a
706 1876 998 1966 quemadmodum
1012 1877 1124 1972 jubati
1147 1881 1207 1950 in.

106 2011 110 2028 =
164 1970 456 2070 fignemfotmam
478 1970 608 2046 babent
631 1974 738 2057 lulvi,
770 1980 889 2062 torvi,
929 1975 1084 2050 ferarum
1104 2001 1206 2070 reges

167 2078 299 2148 leones.
348 2076 450 2148 Acuti
466 2095 571 2165 porro
583 2095 753 2148 cornuum
771 2077 883 2152 multa
899 2075 1037 2172 cuspide
1048 2066 1208 2151 ‘minaces

168 2195 377 2253 mucrones,
411 2175 509 2244 aereis
530 2171 666 2246 inflexis
701 2173 888 2266 persimiles
913 2176 1034 2250 hamis.
1079 2199 1206 2249 verum

164 2301 240 2348 non
267 2292 309 2348 ut
333 2273 410 2344 aliis
431 2292 553 2345 contra
585 2271 618 2344 se
644 2276 798 2346 invicem
819 2277 1034 2349 inclinantur
1062 2274 1205 2348 infesto.

163 2399 245 2448 rum
289 2396 460 2446 cornuum
500 2372 652 2465 obliquae
689 2371 880 2466 cuspides,
933 2398 1054 2448 vetum
1088 2373 1206 2468 supini

83 2527 86 2541 .
162 2474 316 2569 spetiant
339 2475 378 2544 in
398 2471 524 2545 coelum
548 2469 674 2546 funesti
699 2471 840 2550 stimuli.
890 2479 1067 2566 Qtocirca
1093 2499 1205 2567 quan·

163 2577 211 2648 do
238 2576 392 2666 aliquem
412 2569 602 2646 invaserint
625 2569 800 2662 adsecuti,
835 2595 896 2648 aut
915 2575 1117 2656 hominem,
1141 2579 1206 2647 aut

164 2677 315 2768 aliquam
327 2669 454 2755 seram,
475 2669 656 2745 sublimem
670 2673 813 2750 tollunt.
842 2677 977 2770 Lingua
997 2699 1204 2767 veroangu·

162 2777 212 2849 sta
231 2773 395 2869 quidem,
414 2795 539 2844 verum
559 2769 671 2865 aspera
684 2775 849 2862 maxime,
865 2773 959 2869 quasa
977 2771 1107 2846 serrum
1124 2797 1205 2846 εχει

162 2875 278 2949 dentis
295 2873 343 2945 eli
361 2871 633 2944 instrumentum
645 2872 730 2945 serti
746 2873 902 2968 (limae),
929 2877 1097 2968 &lingua
1117 2873 1204 2945 lam·

132 3027 134 3029 -
161 2976 287 3049 bentes
305 2988 491 3046 cruentant
511 2989 640 3046 eutem.

89 3235 92 3242 ,
126 3209 133 3229 ‘
216 3193 297 3278 176.
334 3187 438 3274 Qtin
457 3183 561 3256 etiam
587 3183 763 3256 velocium
787 3205 973 3257 cervorum
1003 3205 1110 3275 genus
1138 3184 1205 3257 alie·

161 3299 255 3357 terra
280 3289 520 3377 cornigerum,
544 3283 733 3374 grandibus
750 3286 885 3365 aculis,
921 3279 1073 3374 insigne,
1100 3299 1203 3376 tergo*

162 3389 323 3466 varium,
348 3403 527 3463 notatum,
552 3381 772 3476 zelotypum,
800 3383 927 3456 fluvios
944 3401 1107 3471 tranans,
1132 3383 1203 3456 alte

123 3575 126 3580 1
162 3505 269 3578 caput
284 3484 470 3573 attollens,
498 3478 640 3554 obesum
659 3503 779 3579 tergo,
807 3487 839 3556 de
862 3484 987 3577 gracile
1013 3481 1200 3554 cruribus:

115 3650 118 3655 .
160 3589 281 3658 tenuis
302 3587 441 3665 cervix,
474 3585 506 3654 a
527 3584 670 3654 minima
684 3582 821 3658 rursum
839 3584 968 3663 cauda,
995 3581 1202 3672 quadrifidae

161 3709 283 3766 nares,
298 3684 538 3778 quadruplices
550 3677 784 3773 respirationis
802 3691 953 3755 meatus:
983 3680 1199 3754 imbecillum

162 3809 245 3870 cor,
274 3787 463 3858 &animus
480 3785 575 3855 intus
598 3782 759 3860 imbellis.
797 3783 842 3855 Et
859 3782 1002 3856 inutiles
1024 3804 1205 3853 cornuum
1290 3781 1294 3791 '

160 3909 347 3958 mucrones
367 3903 504 3957 teritum
537 3898 722 3974 exurgunt.
760 3907 944 3976 nunquam
968 3885 1061 3953 enim
1089 3886 1201 3972 capite

162 4005 284 4058 contra
308 3984 540 4080 pugnaverint
566 4003 646 4052 eum
662 3979 745 4054 seris
764 3983 909 4074 validis,
949 3984 1203 4053 naccumacri·
1267 4050 1269 4059 ,

159 4083 228 4156 bus
253 4085 415 4167 cambus,
442 4105 555 4175 neque
574 4105 654 4155 cum
673 4079 755 4176 ipfis
773 4084 909 4157 timidis
937 4105 1039 4155 crura
1065 4077 1205 4172 hispida

159 4183 375 4258 habentibus
391 4181 581 4278 leporibus.

111 4434 114 4440 ·
215 4406 299 4486 187.
326 4390 526 4466 Vehemens
541 4415 645 4487 porro
663 4392 775 4466 cervis
794 4415 913 4471 amor,
937 4387 1116 4483 multaque
1138 4376 1200 4462 re-

161 4519 248 4579 nus,
281 4499 315 4569 ἃ
335 4496 471 4571 animus
493 4491 538 4569 ad
561 4493 674 4570 cubile
694 4491 855 4666 incengus
877 4487 1052 4572 rotome,
1086 4489 1202 4562 veluti

831 4615 851 4664 θ
871 4615 898 4686 l
