3175 5434
306 559 373 622 nn
415 542 759 635 piscacione
802 537 905 626 nic.
945 566 1015 630 rv.
1106 568 1183 648 303

143 691 185 760 in
212 687 325 758 oriam
354 683 536 760 subtraaae
564 690 751 780 capiantur.
797 687 911 763 Nassrs
938 677 1043 766 etiam
1074 721 1186 772 verno

127 807 307 879 tempore
329 776 561 880 decipiuntur.
601 791 715 878 Myrti
731 791 825 859 enim
847 808 908 862 aut
926 795 1041 866 arbuti
1065 797 1183 872 aliisve

143 886 333 960 frondibus
353 885 459 960 naffas
480 887 753 960 inumbratacin
777 887 920 960 arenoso
948 895 1050 966 litore
1079 921 1186 992 expo.

145 999 251 1058 nunt.
276 985 375 1078 sepiae
388 1009 473 1076 vero
491 984 619 1060 sobolis
637 985 840 1061 &libidinis
856 987 1023 1066 desiderio
1032 995 1187 1091 ingressae
1304 1073 1307 1080 ,

147 1091 344 1180 capiuntur.

91 1296 95 1302 ¹
204 1287 287 1356 172.
321 1267 505 1361 Zelotypia
520 1268 683 1350 merulis,
711 1289 753 1342 ut
776 1271 974 1362 capiantur,
1010 1270 1183 1349 causaest.

146 1366 215 1440 Hae
231 1371 325 1439 enim
339 1367 462 1440 turdos
479 1385 618 1458 amant,
645 1371 837 1461 &quaeque
855 1393 933 1442 cum
952 1370 1110 1463 pluribus
1135 1374 1188 1446 se.

145 1469 253 1540 minis
268 1465 420 1539 thalamo
437 1464 597 1560 separatis
621 1467 799 1541 connubio
819 1469 853 1540 dt
880 1471 1064 1562 complexu
1083 1495 1188 1548 vene.

144 1589 209 1636 reo
228 1568 404 1661 jungitur3
428 1572 492 1660 qui
508 1566 580 1641 sere
590 1567 823 1640 Medorum&
841 1566 1018 1642 Persarum
1039 1574 1185 1658 mosell,
1268 1589 1274 1598 ‘

146 1683 189 1737 ut
204 1664 350 1759 quisque
365 1666 613 1762 cumpluribus
628 1691 688 1760 per
699 1670 793 1760 vices
804 1668 1009 1741 mulieribus
1020 1695 1186 1746 coneum.

144 1765 228 1846 bat,
250 1763 377 1860 &saepe
390 1767 476 1840 adeo
492 1768 534 1839 de
549 1767 671 1862 pellice
683 1768 797 1861 aliqua
815 1770 907 1840 inter
921 1766 954 1840 se
973 1769 1183 1868 depugnent.

146 1867 247 1938 Dum
267 1869 363 1940 turdi
374 1868 541 1961 (femine)
559 1871 599 1939 in
615 1865 796 1949 thalamo,'
810 1868 921 1941 veluti
940 1862 1068 1961 sponsae
1083 1875 1192 1966 pods-1

146 1991 213 2046 cae,
240 1966 351 2038 abditi
374 1969 503 2052 latent,
530 1971 676 2040 maritus
698 1971 856 2040 omnium
877 1965 1022 2062 piscium
1033 1977 1183 2046 mairinac

145 2067 328 2158 zelotypus
344 2066 538 2140 constanter
559 2088 638 2142 ante
652 2066 829 2160 speluncas
847 2068 1014 2151 excubat,
1041 2075 1074 2144 se
1097 2097 1183 2145 con.

143 2167 284 2259 jugium
303 2190 364 2260 per
383 2171 475 2239 vices
490 2164 609 2241 sedulo
625 2164 798 2262 inspectat
834 2169 1112 2262 Noetupautum
1128 2177 1183 2245 in-

88 2339 91 2344 ,
145 2268 311 2340 termittit
336 2264 426 2339 hanc
457 2265 673 2340 custodiendi
697 2263 961 2351 necessitatem,
995 2273 1182 2366 cibumque

144 2369 310 2459 exquirit.
341 2368 430 2439 Cum
447 2391 531 2440 vero
546 2367 760 2460 parturiendi
782 2367 963 2440 doloribus
976 2365 1114 2444 semine
1133 2392 1183 2444 to·

142 2486 300 2556 nentur,
319 2463 378 2538 hic
391 2469 517 2540 alixius
532 2463 789 2568 quaquaversus
805 2469 898 2549 ruit,
920 2473 1180 2560 partuitimena,

143 2592 219 2640 non
239 2564 338 2640 aliter
348 2589 387 2639 ac
403 2590 530 2649 macer,
558 2593 634 2660 quac
651 2565 732 2639 filiae
745 2566 875 2638 dileetae
888 2569 1038 2658 primum
1055 2570 1181 2643 exhor-

142 2666 280 2739 rescens
304 2689 441 2763 parrum
464 2669 578 2739 anxia
593 2669 711 2738 animo
737 2689 798 2758 per
815 2679 924 2740 totam
952 2667 1095 2740 domum
1114 2674 1181 2744 cir-¹

136 2785 394 2860 cumvagatur,
420 2765 630 2860 suspiratquc
648 2767 774 2838 &vota
791 2763 897 2853 facit,
923 2763 1005 2836 alum
1018 2770 1180 2844 exaudito

140 2868 235 2942 soris
258 2871 428 2949 clamore,
455 2884 573 2961 partus
606 2866 723 2938 labore
748 2865 931 2951 liberatam
959 2873 1178 2960 cognoveritss
1223 2903 1229 2914 =

105 3042 109 3046 ,
143 2971 247 3042 Dum
265 2971 374 3064 igitur
392 2971 480 3039 circa
498 2965 575 3039 sam
596 2967 762 3060 trepidat,
787 2962 935 3058 piscator
949 2965 1104 3041 validum
1120 2969 1187 3042 hu·
1253 2981 1256 2992 “

144 3093 269 3158 mum,
303 3068 413 3139 indita
426 3066 548 3160 squilla
570 3069 671 3148 viva,
707 3069 740 3137 dr
757 3089 893 3138 aiinexo
911 3061 1017 3164 supra
1038 3066 1181 3146 hamum

145 3167 398 3262 graviplumbi
412 3170 538 3260 globo,
564 3168 652 3238 clam
670 3166 714 3237 ad
735 3162 822 3258 ipsas
841 3189 1002 3238 catenias
1015 3167 1178 3256 demittit,

146 3274 179 3342 &
200 3268 325 3340 crebro
342 3287 441 3340 motu
460 3266 627 3338 merulam
647 3267 811 3339 maritum
833 3268 958 3338 excitat
989 3267 1021 3338 a
1043 3271 1178 3354 irritat,

147 3372 209 3460 qui
228 3364 407 3461 squillam,
440 3365 572 3438 hostem
591 3363 655 3438 else
671 3365 893 3446 existimans,
914 3369 959 3439 1&
976 3391 1022 3438 ne
1039 3369 1180 3443 cubicu.

146 3469 219 3541 lum
236 3468 426 3561 conjugum
442 3469 567 3548 intret,
592 3467 738 3548 timens,
765 3465 929 3538 dentibus
948 3467 1101 3550 invadit,
1120 3467 1182 3541 ha·

145 3592 277 3660 moque
294 3565 454 3640 confixus
469 3566 671 3640 extrahitur.
698 3567 811 3638 Turdi
824 3563 962 3638 feminee
981 3589 1060 3636 cum
1074 3571 1180 3638 maris.

146 3685 416 3740 tummortuum
428 3659 569 3748 vident,
590 3663 684 3737 foras
693 3665 902 3758 prodeuntes
920 3667 1178 3751 circumerrant,

147 3772 181 3840 a
197 3791 418 3840 communem
438 3791 517 3838 cum
534 3791 575 3838 eo
593 3781 740 3836 mortem
757 3781 937 3855 oppetunt.
977 3763 1067 3838 Adeo
1088 3765 1180 3842 1111111

147 3871 207 3942 vel
230 3867 415 3938 honiinum
431 3870 486 3938 vel
510 3863 653 3958 piscium
677 3867 796 3958 generi
817 3865 988 3956 zelotypia
1007 3869 1179 3966 enitialiua

148 3967 217 4044 est!
252 3969 385 4040 Multos
400 3967 473 4038 haec
488 3969 636 4060 gemitus
659 3969 691 4037 &
711 3963 847 4042 dolores
866 3968 1017 4057 peperit,
1052 3967 1084 4036 &
1108 3965 1180 4042 sere

146 4064 281 4156 semper
297 4070 335 4138 in
350 4066 505 4140 furorem
523 4063 618 4138 versa
636 4069 677 4137 111
690 4068 878 4156 perniciem
891 4063 959 4156 ipsa
974 4061 1065 4136 suam
1086 4065 1182 4138 ruit!

84 4240 85 4244 ,
146 4167 358 4260 (Tenendum
380 4171 420 4258 est
445 4173 629 4260 Oppianum
652 4168 853 4237 merularum
874 4162 921 4250 &-
937 4163 1112 4244 turdorum
1128 4167 1186 4255 se,
1213 4257 1221 4264 μ

146 4293 225 4338 xum
232 4267 453 4360 speciemque,
489 4266 598 4359 quibas
623 4283 732 4336 tamen
758 4263 939 4355 differunt,
977 4261 1151 4356 confndrffe
1163 4306 1180 4350 ς

147 4372 199 4444 itu
222 4384 264 4436 nt
289 4356 329 4436 ele
355 4368 416 4452 ejus
442 4374 592 4458 opimone
619 4365 745 4436 merula
768 4370 804 4434 in
822 4362 931 4450 eodem
946 4381 1065 4456 genere
1087 4389 1181 4448 mar,

147 4466 263 4539 turdus
283 4492 364 4535 cero
381 4465 510 4556 femina
517 4462 584 4552 fit(
600 4465 742 4536 AEliamn
759 4468 919 4537 tamenin
937 4467 998 4534 luci
1011 4460 1107 4548 liujus
1117 4483 1186 4558 pa,

145 4563 339 4662 ,taphrafil
356 4590 410 4644 14.
420 4563 485 4658 fibi
495 4564 536 4638 ab
548 4558 611 4640 hoc
628 4586 743 4635 errore
756 4555 873 4655 coense
889 4564 973 4635 rede
985 4561 1160 4658 videtur.)
