3175 5434
312 484 1179 570 Duvuuaulouutlu11.229

155 631 212 690 tut
225 612 361 689 serratis
384 613 548 686 dentibus
566 613 737 706 leonem,
757 581 818 684 aui
834 630 1003 688 tetrorum
1022 600 1187 692 ursorum

156 714 326 788 exitiosam
363 713 576 795 audaciam,
623 713 736 784 statim
767 711 868 783 humi
909 718 1054 789 inclinat
1089 737 1193 812 caput

155 815 371 908 frontemque
387 812 526 905 prorsus
545 811 709 884 obfirmat
731 815 922 896 connixus,
940 816 1109 902 &defixis
1123 817 1189 892 hu-

155 919 201 987 mi
212 915 339 986 acerbis
355 914 446 995 telis,
472 917 663 986 irruentem
677 915 847 1004 expectat,
877 935 1025 1007 eumque
1044 916 1188 991 interfe.
1263 942 1266 949 ¹

157 1019 202 1086 cit
217 1019 333 1106 capitis
356 1017 497 1106 impetu.
528 1012 720 1104 Obliquum
742 1017 837 1082 enim
855 1013 1028 1088 inclinans
1044 1017 1187 1107 paulum

159 1118 366 1208 cornigeram
385 1111 556 1193 frontem,
582 1115 686 1182 armis
707 1111 924 1183 acutioribus
937 1114 1188 1190 observansin·

160 1214 237 1286 cidit
254 1219 290 1285 in
311 1211 432 1285 feram.
478 1214 612 1283 Verum
630 1212 688 1282 illa
710 1233 783 1282 non
805 1231 921 1295 curat,
946 1212 1002 1285 sed
1015 1213 1182 1300 effrenate

159 1317 241 1385 rediet
261 1316 421 1404 incurrit,
438 1331 536 1384 acute
556 1311 781 1382 horrentibus
804 1308 913 1383 infixa
938 1317 1188 1389 ιιιιιιιοιι11ιιιε.1

159 1412 452 1502 Quemadmodum
469 1433 583 1486 autem
598 1414 636 1482 in
651 1408 756 1501 sylvis
769 1413 960 1483 irruentem
970 1415 1107 1486 leonem
1118 1418 1185 1489 Di.

157 1537 237 1584 anae
234 1513 443 1586 muneribus
459 1531 602 1584 ornatus
627 1509 785 1581 strenuus
802 1514 870 1590 vir,
887 1514 1100 1588 venabulum
1110 1513 1186 1588 sul

157 1613 266 1706 gidum
285 1632 407 1686 tenens
425 1613 548 1684 validis
568 1609 741 1691 manibus,
759 1607 900 1682 diducto
914 1612 1006 1704 passu
1019 1620 1186 1709 expediat,

156 1732 295 1830 eumque
317 1713 515 1787 immaniter
547 1707 849 1782 excandescentem
877 1716 1004 1805 excipit
1030 1719 1186 1808 projedto

156 1817 288 1905 ancipiti
301 1815 392 1886 telo:
417 1809 461 1883 fio
474 1835 598 1912 oryges
615 1813 818 1902 expediant
808 1831 981 1884 irruentes
998 1813 1185 1899 tumseras,

155 1908 212 1984 fibi
225 1938 343 1986 necem
360 1905 640 1992 interementes
652 1909 815 1982 vecordia
835 1929 1049 2002 oppetentes.
1073 1916 1189 1989 Facile

158 2015 239 2082 enim
257 2015 293 2084 in
311 2018 449 2106 pedore
463 2013 627 2084 labuntur
641 2006 795 2100 cuspides
812 2031 998 2088 cornuum.
1023 2014 1186 2090 Multum

157 2129 261 2184 autern
278 2137 313 2184 cr
318 2136 435 2184 uorem
448 2129 572 2192 atrum,
589 2136 631 2181 ex
653 2108 858 2181 vulneribus
876 2114 1044 2205 utrinque
1065 2113 1188 2206 prosu-

158 2207 223 2282 sum
227 2215 377 2305 ,linguis
393 2208 491 2282 suum
504 2213 586 2284 ilico
604 2211 773 2286 lambunt.
796 2211 922 2301 Neque
928 2236 1019 2283 vero
1033 2209 1186 2308 effugere

112 2323 114 2325 ’
156 2324 197 2381 ne
215 2313 435 2404 cupientibus
450 2309 594 2404 quidem
608 2312 708 2382 licet:
735 2331 857 2394 verum
880 2307 946 2382 sese
963 2313 1186 2388 interficiunt

156 2429 224 2482 mut
228 2438 267 2484 ιιι
288 2413 390 2492 caede
427 2415 476 2484 Ac
494 2407 659 2502 quispiam
679 2389 904 2490 rusticorum,
936 2429 997 2482 aut
1011 2433 1187 2490 armenta-

155 2513 240 2600 ιὶιιι,
267 2529 328 2584 aut
349 2511 473 2604 aliquis
494 2529 625 2590 arator,
653 2507 737 2580 dum
754 2505 825 2578 duo
842 2507 1005 2587 cadavera
1021 2530 1101 2585 ante
1123 2541 1184 2607 pe.

94 2609 95 2612 ’
156 2609 207 2682 des
223 2613 378 2707 reperit„
390 2609 542 2704 praedam
559 2611 709 2704 opimam
724 2605 879 2732 habebit,
893 2610 994 2682 valde
1010 2616 1184 2687 attonitus

155 2713 275 2784 animo

196 2934 279 3016 489.
316 2919 520 3012 Deinceps
509 2935 602 2991 inter
627 2916 745 2990 beluas
762 2919 957 3012 cornigeras
980 2943 1101 2994 canere
1121 2947 1185 3040 pat

155 3018 196 3090 est
217 3046 343 3113 genera
367 3023 572 3092 immanium
603 3018 880 3112 elephantorum
933 3019 998 3091 Ilia
1024 3026 1185 3098 enimin

153 3079 268 3192 maiis
259 3125 425 3193 immania
445 3119 573 3212 spicula
591 3117 683 3205 duo,
711 3116 832 3190 similia
850 3118 1013 3192 dentibus
1035 3126 1183 3208 exertis,

154 3221 188 3290 in
207 3223 333 3294 coeium
355 3223 559 3300 eminentia,
585 3220 645 3290 1111
661 3221 803 3311 quidem
823 3244 865 3289 ex
877 3220 983 3313 vulgo
998 3239 1105 3293 tetros
1120 3247 1185 3304 no.
1224 3272 1233 3293 .

155 3321 282 3393 minent
297 3323 431 3402 dentes,
453 3335 624 3391 errantes:
645 3319 747 3391 nobis
765 3343 849 3396 vero
866 3341 995 3391 cornua
1013 3322 1192 3417 appellare.

153 3421 266 3510 placet
295 3420 343 3492 fic
360 3443 452 3492 emm
469 3420 572 3491 nobis
587 3435 710 3492 natura
730 3441 901 3491 cornuum
916 3419 1031 3497 dietat
1073 3422 1187 3516 Argu-

113 3570 116 3578 ·
156 3540 264 3592 menta
294 3545 381 3594 vero
411 3517 586 3632 perspicua
623 3515 697 3590 haec
726 3499 807 3590 sunt
835 3519 878 3588 ad
911 3515 1181 3611 conjiciendum.

155 3622 286 3714 Quippe
306 3621 388 3693 feris
409 3623 612 3714 propagines
637 3619 737 3689 rnalis
759 3643 803 3688 ex
825 3615 1113 3714 superioribusq
1116 3647 1186 3693 uae-

155 3742 285 3813 cunque
299 3745 435 3794 corneae
449 3717 540 3801 sunt,
557 3713 689 3790 sursum
708 3715 745 3790 se
759 3734 926 3789 exerunt:
949 3717 1000 3790 srn
1023 3719 1185 3794 deorsum

152 3815 318 3909 spetiem,
344 3844 425 3894 vere
453 3817 531 3892 sunt
557 3820 687 3890 dentes.
724 3817 797 3888 Illis
823 3841 929 3910 porro
952 3819 1089 3892 duobus
1118 3826 1185 3894 ele-
1239 3887 1251 3898 ,
1360 3808 1364 3817 ’

152 3917 327 4010 1111111111
351 3920 514 3994 cornibus
534 3918 664 3990 radices
686 3918 826 4010 quidem
843 3921 994 4009 primum
1013 3945 1055 3990 ex
1072 3925 1183 4011 capite

149 4017 345 4104 nascuntur,
367 4045 410 4091 ex
429 4044 552 4114 magno
572 4031 714 4111 magnac,
744 4017 849 4089 instar
865 4015 1041 4112 sagorum:
1066 4018 1184 4092 subter

154 4137 263 4191 eutem
292 4123 418 4211 deinde
441 4124 583 4194 latentes
601 4116 662 4190 sub
691 4135 788 4199 cute,
816 4116 1001 4190 subeuntes
1026 4134 1190 4208 tempora·

152 4221 188 4289 in
202 4223 327 4294 malam
344 4221 597 4300 extruduntur,
624 4243 641 4288 e
664 4220 761 4289 malis
782 4242 866 4290 vero
882 4219 984 4290 nudae
1000 4236 1183 4308 exeuntes,
1186 4269 1190 4276 -

151 4315 190 4389 111
187 4317 262 4392 sam
287 4346 338 4396 vu
342 4324 396 4414 igo
421 4323 621 4412 opinionem
644 4319 867 4408 ptaebuerunt
886 4319 979 4390 dent
956 4338 1053 4388 ιιιιιιι
1083 4322 1185 4408 Quin
1270 4378 1272 4385 .

154 4425 253 4494 etiam
283 4423 379 4497 aliud
409 4423 512 4496 nobis
546 4416 813 4591 illustrissimum}
823 4417 906 4587 fest
925 4436 1186 4514 argumentum

160 4561 167 4571 .
608 4560 613 4566 .
862 4535 883 4605 3
