3175 5434
631 382 644 420 δ

291 473 381 574 ’ΒΕ
419 511 791 604 veneri-orta·
818 512 919 574 tra.
950 514 1013 576 rr.
1100 514 1185 608 ²¹9.

120 646 238 716 riunt
261 635 333 712 fine
351 635 445 720 fine,
479 643 513 712 u
540 635 715 720 feriuntur
738 639 926 723 cornibus,
959 637 1077 734 quoad
1095 642 1185 717 alter
1230 649 1254 660 ⁶

119 741 222 815 ferat
258 764 372 812 caram
401 737 463 810 diu
498 737 640 810 dubiam
673 741 867 812 victoriam.
927 741 1102 812 Caeterum
1124 741 1183 816 ille

121 841 411 933 haudquaquam
435 835 505 910 fert
526 833 649 910 servile
672 837 814 930 jugum,
838 836 897 910 sed
917 837 1125 912 erubescens
1148 842 1183 914 ἃ

123 945 292 1038 graviter
309 960 451 1032 gemens
468 939 507 1008 iu
525 961 668 1031 opacam
687 938 761 1010 abit
779 935 931 1029 sylvam:
958 928 1051 1012 solus
1063 956 1183 1014 autem

123 1048 169 1115 in
187 1039 344 1134 scopulis
361 1037 586 1134 volventibus
605 1040 705 1110 annis
726 1041 882 1110 nutritur
898 1043 1075 1112 montanis
1088 1037 1182 1112 seor-

125 1139 216 1214 sum
223 1144 267 1212 in
283 1136 506 1222 nemoribus,
520 1139 633 1212 veluti
646 1139 771 1230 aliquis
786 1136 985 1210 athleticam
995 1165 1184 1214 exercens:

129 1241 284 1315 firmum
300 1256 417 1310 eutem
433 1261 513 1309 cum
534 1237 643 1310 robur
659 1237 782 1327 videt,
813 1239 846 1310 ἃ
866 1242 1090 1332 vituperes,
1106 1266 1185 1314 mu

133 1346 208 1436 giit
232 1339 404 1430 extemplo
425 1339 465 1409 in
491 1337 702 1410 montibus:
742 1356 903 1410 caeterum
932 1339 990 1411 ille
1010 1345 1183 1436 remugit,

131 1428 366 1532 insonuitque
382 1434 499 1516 saltus.
525 1437 584 1512 Ast
596 1437 660 1510 ubi
676 1437 851 1511 confidere
868 1442 974 1530 coepit
991 1439 1183 1514 vehemen-

131 1535 293 1628 tioribus
308 1538 519 1632 mugitibus,
544 1555 621 1610 tum
633 1534 711 1611 sane
730 1563 773 1610 cx
793 1520 1028 1612 monnbuffln
1045 1539 1182 1614 hostem
1200 1554 1202 1560 '

128 1637 209 1734 ipse
226 1640 323 1712 ultro
338 1641 454 1710 venit:
486 1634 586 1710 facile
600 1657 715 1710 autem
735 1641 858 1710 vincit.
897 1639 1071 1712 alimentis
1088 1643 1189 1733 eninr,

133 1738 243 1814 suum
261 1762 386 1830 corpus
403 1735 582 1822 firmavit,
608 1740 732 1834 procul
750 1742 790 1812 in
806 1735 914 1832 sylvis
932 1741 1105 1815 aVenere
1129 1742 1185 1814 vi-

135 1865 196 1918 res
214 1855 419 1917 enervante,
539 1865 540 1869 ’

195 2033 256 2105 83.
293 2020 428 2092 Formae
451 2038 537 2088 vero
563 2015 681 2090 multae
706 2011 786 2090 sunt
814 2020 982 2091 &mores
1007 2019 1188 2096 innumeri

141 2123 269 2194 tauris.
308 2119 461 2214 AEgyptii
474 2141 598 2209 nempe
614 2113 694 2190 sunt
710 2118 753 2189 ad
765 2120 857 2212 ripas
876 2115 1007 2191 fertiles
1022 2118 1101 2192 Nili
1112 2116 1190 2192 fru-

117 2217 248 2314 giferi
276 2215 443 2293 multifidi
470 2219 612 2300 amnis,
647 2219 745 2290 nivei
769 2218 913 2300 colore,
945 2218 1187 2312 magnitudine

143 2321 309 2393 omnium
327 2321 430 2413 longe
451 2313 733 2409 praestantiffimi,
768 2317 900 2390 diceres
918 2341 979 2411 per
993 2336 1121 2391 terram
1135 2321 1191 2392 in.

145 2420 270 2493 cedere
293 2416 557 2513 profundam&
578 2419 756 2510 ingentem
772 2442 921 2499 navem3
946 2419 1082 2509 placido
1103 2442 1189 2491 vero

143 2517 230 2594 sunt
247 2523 392 2610 animo,
422 2513 658 2590 &familiares
680 2515 898 2595 hominibus.
937 2520 1190 2612 Quodcunque

144 2634 267 2694 autem
286 2620 451 2694 mortales
471 2615 614 2711 jubent,
642 2617 788 2709 juvenes
809 2615 999 2712 perferunt
1046 2617 1194 2714 Phrygii

145 2723 267 2796 colore
290 2721 432 2815 quidem
449 2717 600 2812 insignes
612 2715 703 2808 sunt,
717 2718 886 2812 flavique,
899 2717 1086 2811 ruilione:
1112 2743 1205 2812 pro--

145 2811 269 2894 fundae
293 2839 410 2894 autem
427 2811 466 2891 in
480 2823 615 2892 cervice
632 2818 766 2912 pulpae:
797 2814 980 2913 globosum
1000 2837 1117 2893 autem
1136 2815 1194 2892 su-

145 2945 256 3016 perne
273 2917 419 2994 sublime
433 2923 471 2992 in
489 2919 560 2992 alto
582 2918 705 2993 tuber:
739 2915 934 3013 prodigiosa
950 2941 1036 2990 vero
1053 2924 1093 2993 in
1115 2943 1193 2993 cor·
1302 2922 1307 2926 ’

94 3087 97 3094 .
145 3021 256 3094 nibus
279 3039 404 3094 natura
426 3023 496 3094 illis
514 3019 574 3098 est.
606 3019 695 3096 Non
711 3021 805 3092 enim
825 3017 937 3092 firmis
954 3015 1056 3113 super
1073 3022 1195 3116 capiti·

145 3123 216 3195 bus
242 3120 313 3192 fixa
336 3119 437 3202 sunt,
477 3144 600 3196 verum
619 3137 765 3192 movent
784 3143 937 3202 cornua,
973 3122 1194 3196 &inclinant
1230 3208 1233 3217 Ι

147 3225 334 3314 utrinque.
394 3220 571 3314 Solipedes
603 3215 684 3292 sunt
711 3221 852 3301 Aonii,
896 3221 1032 3292 varium
1057 3247 1193 3316 genus,

147 3317 343 3396 unicornes
361 3323 453 3394 &ex
466 3321 578 3392 media
595 3343 706 3392 cornu
724 3317 909 3391 exitiosum
920 3322 1086 3394 attollunt
1097 3321 1197 3398 fron·
1230 3332 1232 3343 ’

89 3435 90 3438 ’
147 3440 197 3498 te.
224 3422 403 3496 «Armeniis
420 3423 600 3514 geminum
619 3419 760 3514 quidem
779 3444 912 3510 cornu,
930 3418 988 3493 sed
1004 3420 1198 3500 flexuosum

150 3516 376 3616 cuspidibuS,
402 3524 527 3616 ingens
546 3522 712 3602 exitium,
736 3537 909 3594 retortum
927 3520 1067 3615 pendet.

199 3711 291 3776 ¹100.
318 3703 450 3796 Syriaci
465 3700 558 3773 tauri
572 3721 679 3781 vero,
710 3697 917 3772 Cherronefi
939 3697 1097 3784 soboles,
1123 3697 1198 3774 edi-

88 3805 95 3814 ’
150 3817 228 3874 tem
262 3803 325 3896 qui
349 3805 482 3876 circum
506 3797 635 3874 Pellam
667 3798 756 3872 bene
788 3803 960 3873 munitam
984 3800 1195 3895 pascuntur,

150 3898 248 3976 fulvi
272 3899 373 3992 sunt,
397 3901 521 3983 validi,
538 3896 715 3994 generosi,
743 3900 810 3973 lata
827 3899 962 3985 fronte,
979 3905 1018 3974 in
1032 3906 1122 3998 agris
1135 3901 1201 3974 sta·

151 4001 342 4085 bulantes,
369 4001 524 4083 robusti,
553 4023 666 4072 cornu
690 4003 867 4090 valentes,
893 3999 1025 4075 feroces
1054 4005 1198 4084 animo,

153 4103 372 4196 mugitores,
389 4105 503 4184 torvi,
523 4102 659 4182 aemuli,
679 4101 749 4173 lato
761 4100 900 4196 praediti
911 4119 1052 4185 mento,
1074 4121 1112 4174 at
1125 4123 1200 4173 non

154 4199 253 4276 obcfi
269 4226 417 4296 corpore
435 4201 549 4296 amplo
565 4195 789 4295 gravescunt,
815 4226 930 4295 neque
942 4199 1078 4275 rursum
1095 4201 1202 4273 maci-

154 4301 246 4376 lenti
260 4300 323 4377 suo
343 4325 487 4402 corpore
507 4299 641 4375 infirmi
663 4296 754 4372 sunt.
802 4302 858 4374 Sic
874 4301 1020 4374 deorum
1038 4301 1200 4395 praeclara

155 4425 307 4479 munera
321 4419 508 4496 temperata
530 4399 696 4474 habentes
712 4397 856 4482 ferunt,
882 4398 984 4478 fimul
1000 4405 1032 4477 dc
1042 4396 1201 4500 pernices

161 4503 206 4576 ed
222 4501 460 4590 currendum,
483 4505 515 4578 &
532 4497 641 4578 fortes
657 4497 701 4574 ad
717 4498 957 4675 pugriandum.

835 4623 854 4674 θ
879 4621 906 4684 2
