3175 5434
258 503 261 509 ι
318 455 924 540 ns‘vcnia'rour'crs.
967 477 1046 539 111.
1119 455 1202 560 2'43'

157 603 270 675 feram
288 573 558 694 prostraverunt,
573 601 755 676 venabulis
766 607 881 699 longis
897 605 1020 678 crebro
1038 605 1202 697 conjectis

103 779 105 784 ,
159 703 380 785 confessam,
407 701 525 794 siquis
546 723 589 772 ex
602 707 740 776 cervice
757 704 915 778 evulsum
931 709 1041 800 pilum
1061 724 1206 778 tenuem

158 802 245 878 serae
268 803 383 877 adhuc
400 800 598 873 anhelantis
623 803 807 877 admoveat
824 807 942 888 denti,
968 807 1146 880 celerrime
1166 811 1205 878 in

161 906 288 976 orbern
311 905 537 976 convolvitur
561 902 700 975 adustus
731 908 836 1000 pilus
880 909 979 996 Quin
999 910 1104 977 etiam
1123 903 1184 998 ips
1186 929 1203 975 s

163 1004 334 1076 canibus
326 1028 365 1074 tn
388 1002 553 1076 lateribus
572 1005 767 1095 utrinque,
795 1008 929 1078 ubieos
943 1009 1017 1098 apri
1035 1006 1206 1077 malarum

162 1101 405 1197 percusserunt
426 1101 554 1175 fervidi
577 1099 716 1195 dentem
755 1106 897 1200 vestigia
921 1105 1039 1178 adusta
1055 1128 1118 1200 per
1134 1107 1207 1258 pei-

165 1206 241 1276 lem
256 1220 419 1298 apparent
416 1201 566 1296 passam.

225 1433 307 1504 391.
335 1381 556 1509 Hystricibus
571 1431 689 1489 autem
706 1412 800 1487 nihil
818 1417 1006 1508 quicquam
1024 1418 1209 1511 estinopa-

167 1540 209 1587 ca
227 1511 323 1607 sylva
344 1514 603 1588 formidandum
618 1541 671 1588 rna
697 1519 726 1588 is
740 1513 874 1609 aspedlu
887 1572 898 1603 ,
913 1540 1027 1610 neque
1040 1517 1209 1592 funestius

168 1615 277 1687 aliud.
305 1617 445 1689 Horum
470 1640 594 1710 nempe
612 1615 817 1710 magnitudo
838 1614 978 1709 quidem
1006 1638 1135 1713 quanta
1157 1621 1210 1690 lu-

168 1737 298 1810 porum
319 1713 507 1801 ferocium,
532 1717 639 1788 breve
665 1719 864 1812 parvum&
890 1717 1045 1790 validum
1063 1741 1209 1812 corpus:

169 1820 340 1908 utrinque
356 1819 470 1888 autem
484 1818 583 1910 pellis
607 1815 731 1910 asperis
749 1815 892 1932 hispidis
914 1819 1071 1935 undique
1088 1820 1211 1892 horret

170 1914 277 2014 setis,
323 1916 485 2008 qualibus
508 1939 687 1990 armantur
725 1921 964 1990 erinaceorum
992 1924 1087 1992 varia
1110 1941 1214 2015 gene-

173 2041 225 2088 ra.
262 2015 395 2089 Verum
412 2043 493 2090 curn
520 2041 601 2090 eum
625 2013 880 2112 persequuntur
905 2019 1017 2093 multo
1042 2022 1214 2092 valentio·

171 2139 230 2186 res
249 2114 382 2199 beluae,
405 2136 481 2190 tum
497 2117 556 2190 illa
573 2117 718 2193 molitur
741 2121 846 2191 talia·
882 2122 991 2190 acutis
1007 2117 1167 2193 scilicet
1157 2144 1214 2192 1n-

173 2213 346 2289 horrescit
363 2169 472 2300 setis,
517 2231 621 2312 atque
653 2217 842 2292 retrorsum
868 2215 970 2291 dorso
998 2223 1216 2314 praepilatum

172 2319 315 2389 volucri
330 2321 420 2390 resia
435 2317 604 2410 jaculatur
620 2322 768 2392 noxium
781 2321 890 2392 telum
892 2315 1088 2415 ,simulque
1099 2319 1216 2414 rapide

175 2415 287 2510 sugit,
313 2413 550 2513 fugiendoque
567 2435 709 2512 pugnat.
747 2421 842 2512 Saepe
858 2422 963 2491 etiam
982 2419 1150 2493 interficit
1164 2443 1218 2491 ca-

176 2541 259 2592 nem
283 2513 409 2610 asperis
432 2518 596 2591 dentibus
617 2518 880 2592 truculentum.
903 2516 949 2590 fic
969 2519 1130 2593 diceres
1118 2543 1223 2613 Juve-

178 2642 264 2691 nem
291 2639 374 2690 arcu
393 2622 545 2713 peritum
561 2616 718 2713 jaculari.
744 2618 896 2694 Proinde
915 2619 1056 2712 quando
1073 2643 1152 2692 eum
1164 2643 1223 2691 ve·

177 2735 322 2792 naiores
343 2737 516 2806 cernunt,
540 2717 622 2794 non
641 2741 740 2792 canes
769 2720 987 2803 immittunt,
1025 2717 1083 2791 sed
1103 2718 1224 2791 dolum

178 2821 402 2991 moliuntpr,
429 2843 534 2914 quem
548 2819 664 2915 postea
677 2821 809 2904 dicam,
836 2817 987 2894 seratum
997 2819 1127 2894 caedem
1140 2841 1224 2892 eum

178 2943 336 2993 memora
362 2945 396 3000 o.
820 2970 822 2974 -

237 3149 332 3226 407.
357 3125 722 3223 ichneumonparvus
740 3129 901 3224 quidem,
924 3147 1049 3210 verum
1067 3153 1166 3226 aeque
1186 3151 1228 3204 ac
1310 3180 1312 3191 .

180 3256 317 3326 magnae
347 3226 429 3302 ferae
455 3228 603 3303 describi
633 3247 786 3304 meretur
816 3233 862 3304 ob
886 3229 1093 3320 solertiam,
1127 3234 1161 3304 δι
1176 3228 1225 3302 ob

181 3336 355 3406 virustem
379 3331 555 3404 strenuam
574 3327 741 3403 imbecilli
771 3335 938 3426 eorporis.
973 3334 1115 3425 Quippe
1133 3331 1226 3409 dolis

181 3429 359 3508 interserit
375 3431 446 3503 duo
463 3453 614 3526 genera,
650 3432 840 3525 &reptiles
861 3453 1020 3527 angues,
1055 3433 1228 3505 &trucu-

160 3542 163 3545 ’
183 3535 302 3606 lentos
327 3529 541 3615 crocodilos,
563 3531 722 3606 Niliacos
757 3533 866 3623 illos,
892 3545 1081 3604 cruentum
1103 3551 1228 3626 genus.

141 3657 143 3668 ·
185 3634 279 3706 Cum
295 3636 389 3705 enim
397 3629 470 3704 sera
479 3632 675 3705 truculenta
686 3629 829 3721 dormit,
839 3633 968 3726 triplici
976 3629 1134 3702 dentium
1142 3627 1229 3702 serie

185 3752 360 3808 armatum
379 3755 418 3803 os
436 3737 592 3826 aperiens
608 3733 641 3804 &
656 3733 785 3803 rislum
799 3734 929 3815 latum,
951 3733 990 3814 ,dc
1005 3732 1128 3826 ingens
1144 3729 1230 3802 den·
1247 3812 1249 3817 ⁸
1315 3761 1324 3781 ν

185 3836 279 3905 tium
297 3831 500 3915 claustrum,
531 3849 608 3904 tum
626 3856 712 3906 vero
730 3831 945 3906 ichneumon
968 3828 1233 3904 fraudulentum

187 3932 373 4007 confilium
396 3949 546 4022 texens,
574 3934 667 4006 limis
684 3928 794 4006 oculis
812 3934 944 4006 vastam
964 3930 1102 4004 beluam
1120 3926 1236 4003 obser·

185 4050 271 4116 vat,
294 4031 410 4127 quoad
425 4033 497 4106 alto
514 4056 594 4106 eum
610 4029 731 4128 sopore
748 4029 922 4127 sepultum
941 4031 1136 4106 crediderit.
1167 4028 1235 4100 sta-

186 4135 255 4208 tim
271 4135 380 4228 igitur
399 4135 438 4206 in
452 4157 555 4206 arena
577 4135 610 4206 u
629 4137 668 4207 in
691 4135 768 4209 luto
778 4134 979 4216 volutatus,
993 4133 1078 4204 ilico
1095 4131 1233 4219 emicat,

186 4233 405 4308 vestibulum
430 4229 650 4308 transvolans
680 4235 805 4306 mortis
828 4233 951 4308 audaci
976 4229 1081 4306 corde
1112 4231 1146 4303 ἃ
1176 4251 1239 4322 per

188 4335 278 4406 latas
303 4332 465 4428 pervadit
490 4331 618 4409 fauces
668 4335 842 4406 Caeterum
862 4336 922 4407 ille
949 4357 992 4405 ex
1018 4333 1089 4404 alto
1115 4327 1240 4422 sopore

191 4430 445 4532 expergiscitur
468 4432 594 4521 miser,
637 4433 846 4510 &malum
836 4450 876 4505 m
893 4435 1000 4509 ilibus
1022 4455 1145 4530 gerens
1164 4445 1243 4504 tan-

801 4531 925 4612 Hh2
1211 4529 1223 4568 '
1336 4580 1359 4638 3

492 4755 508 4804 l
