3175 5434
386 545 466 634 328
620 553 688 656 un
719 549 961 618 accurro
991 547 1092 616 rra.
1123 531 1159 614 12

399 678 593 761 ·xxt'11.
624 683 751 757 livium
768 681 876 755 multa
894 701 1018 774 genera
1044 673 1160 752 locum
1186 676 1235 748 ita
1265 689 1428 753 mutant·

387 799 430 861 ut
445 800 578 857 certum
596 777 637 855 lit
648 781 743 854 unde
759 785 792 855 δι
807 807 878 876 quo
899 777 932 851 se
950 780 1138 871 recipienti
1171 778 1327 870 ciconiae¹
1339 797 1431 846 vero

385 885 482 959 unde
511 885 679 965 veniant,
721 905 792 974 quo
824 895 1044 953 revertantur
1074 873 1250 950 nonsatis
1281 873 1440 946 constat.

388 983 541 1076 Quidam
556 1005 599 1053 ex
614 981 720 1073 Lycia
736 981 854 1052 volare
871 979 985 1073 ajturt,
1016 978 1076 1048 alii
1085 1001 1134 1050 ex
1153 975 1337 1066 AErhiopia,
1353 998 1432 1066 quo

386 1084 468 1156 loco
486 1078 647 1153 inchoata
664 1079 741 1153 Nili
759 1077 991 1159 exundatione
1004 1073 1226 1148 foecundatur
1241 1075 1431 1167 AEgyptus.

386 1173 570 1263 Mirabilis'
583 1182 730 1251 omnmo
746 1179 778 1250 ἃ
794 1175 929 1256 solertis
943 1175 1076 1272 ingenii
1095 1171 1177 1250 sunt
1194 1225 1206 1258 ‚
1240 1170 1311 1246 five
1334 1173 1435 1266 inju-

388 1285 442 1356 r‘ia
457 1279 618 1361 cavenda,
641 1275 710 1349 five
724 1279 944 1376 gratitudinis
955 1273 1127 1348 edendum
1141 1271 1282 1368 aliquod
1293 1269 1435 1364 lignum

388 1377 507 1458 fuerit.
541 1381 635 1453 Nam
654 1375 772 1454 &hoc
788 1373 941 1472 ae'cidilie
958 1373 1086 1449 ferum.
1115 1375 1204 1447 Cum
1222 1371 1367 1466 quidam
1387 1373 1436 1442 ci-

390 1477 505 1554 coniae
518 1501 597 1550 crus
615 1466 978 1574 lapiilecbnfte‘giiiet,
1005 1495 1113 1568 eaque
1128 1475 1168 1546 in
1178 1471 1299 1544 nidum
1317 1489 1436 1544 trans-

390 1577 502 1668 versa,
522 1592 717 1669 utpoterat,
737 1573 771 1650 se
779 1582 957 1670 reciperet,
980 1572 1233 1652 mulieribus,
1245 1595 1323 1666 quae
1339 1577 1437 1644 clau-

389 1678 566 1771 dicantem
587 1677 769 1766 viderent,
793 1676 948 1749 restituta
968 1671 1039 1764 est,
1068 1675 1101 1746 de
1118 1697 1197 1746 cum
1214 1673 1338 1744 ceteris
1348 1695 1438 1742 avo-

390 1772 490 1876 lavit.
519 1768 703 1872 Sequentia
725 1775 848 1850 deinde
867 1777 950 1848 anni
966 1776 1079 1855 uere,
1117 1797 1197 1850 cum
1216 1767 1368 1844 rediiffet
1391 1767 1438 1840 ad

392 1877 542 1950 eundem
557 1877 697 1964 locum,
722 1875 968 1969 agnoscebatur
988 1891 1107 1946 autem
1136 1895 1178 1946 ex
1208 1871 1439 1944 claudicatio.

390 1972 450 2050 nis
468 1971 585 2068 figno,
614 1966 1053 2070 &nia1lieresconspeeluj',
1078 1991 1151 2046 ‘ceu
1180 1993 1257 2068 quae
1281 1969 1440 2042 libenter

390 2074 484 2170 apud
499 2069 584 2168 ipsas
603 2073 807 2166 diverteret,
822 2068 1063 2152 ·.enalaraffet,
1096 2095 1179 2144 mox
1201 2067 1225 2144 e²
1238 2069 1348 2142 rostro
1373 2071 1441 2141 ob-

392 2177 501 2267 longo
526 2175 695 2266 egregiam
717 2171 956 2264 &pretiosam
981 2192 1147 2266 gemmam
1166 2173 1212 2242 ad
1233 2171 1336 2261 pedes
1357 2195 1441 2242 mu-

392 2275 520 2348 lierum
537 2273 714 2352 evomuit,
738 2272 834 2365 quod
853 2274 994 2368 quidem
1018 2271 1085 2344 illae
1104 2269 1326 2366 gratitudinis
1350 2294 1440 2364 ergo

389 2366 472 2450 fieri
488 2370 749 2450 intellexerunt.
775 2371 820 2454 In
832 2373 929 2447 Italia
936 2423 950 2458 ,
979 2387 1018 2442 ut
1034 2368 1173 2465 fertur,
1201 2393 1278 2446 cum
1294 2367 1439 2462 serpens

392 2467 547 2566 quidam
568 2467 611 2541 ad
628 2470 754 2540 nidum
778 2493 968 2565 prorepens
993 2473 1204 2542 ciconiarum
1232 2471 1345 2562 pullos
1377 2470 1439 2542 de-

395 2568 564 2656 vorali'et,
592 2569 781 2641 &alteram
804 2568 977 2664 sequentis
1000 2573 1085 2644 anni
1097 2568 1259 2661 foeturam
1276 2566 1440 2642 ⁴s1militer

394 2665 612 2766 perdidisset,
650 2671 791 2742 ciconiae
813 2674 916 2743 tertio
933 2670 1071 2744 demum
1085 2693 1185 2741 anno
1198 2667 1357 2749 reversae,
1375 2690 1442 2740 no-

395 2793 477 2843 vam
496 2765 668 2862 quandam
687 2790 789 2840 avem
804 2769 836 2841 ⁴&
850 2773 946 2862 prius
961 2793 1034 2841 non
1050 2766 1177 2850 visam,
1202 2770 1442 2862 quac-brevior

392 2864 540 2971 quidem
558 2869 702 2940 ciconiis
717 2882 813 2949 erat,
834 2866 891 2939 sed
912 2867 1061 2942 rollrum
1069 2891 1232 2962 magnum
1248 2872 1441 2943 &acutum

396 2965 486 3049 rufis
502 2966 608 3045 instat
624 2991 643 3037 e
659 2971 767 3060 capite
789 2969 969 3057 exerebat,
993 2965 1108 3040 secum
1126 2968 1317 3058 adduxere,
1341 2963 1441 3040 indi-

395 3079 471 3142 eata
486 3069 653 3139 nimirum
670 3070 703 3139 ei
721 3065 830 3140 foetus
857 3070 1046 3141 calamitate
1064 3065 1142 3150 sui,
1180 3066 1249 3140 ssve
1266 3071 1441 3161 pollicita.

393 3167 554 3239 tionibus
570 3161 769 3248 uilissima
781 3166 915 3251 verbis,
931 3188 972 3242 ut
989 3191 1088 3260 opem
1106 3159 1230 3249 ferret,
1242 3171 1437 3245 incitatam.

389 3266 489 3343 Nam
506 3283 625 3356 utrum
648 3290 727 3359 aves
753 3270 785 3338 rt
804 3269 995 3349 animantes
1014 3269 1073 3362 alii
1090 3266 1189 3340 suum
1209 3271 1299 3366 inter
1311 3264 1344 3338 se
1366 3271 1442 3340 col-

395 3365 558 3457 loquium
574 3362 677 3436 nobis
691 3367 854 3456 'ignotum
876 3367 1068 3448 misceant,
1090 3369 1127 3439 in
1146 3367 1292 3440 dubium
1315 3373 1441 3440 vocari

347 3541 349 3543 ,
395 3463 519 3560 potest.
551 3464 636 3536 Avis
653 3461 727 3535 haec
747 3465 905 3538 nondum
925 3466 1081 3539 absoluto
1100 3469 1310 3540 ciconiarum
1331 3464 1443 3552 foetu,

395 3563 442 3638 ad
457 3560 578 3658 pascua
590 3584 650 3632 eas
666 3561 874 3654 sequebatur
890 3595 901 3647 3
933 3569 1039 3660 pullis
1061 3589 1143 3638 vero
1167 3567 1234 3660 jam
1263 3565 1413 3641 exclusis
1429 3619 1441 3652 ,

397 3666 478 3737 cum
493 3676 654 3756 parentes
668 3663 711 3734 ael
729 3669 997 3758 comparandum
1017 3665 1121 3760 pullis
1142 3671 1273 3760 avique
1300 3667 1443 3742 custodi

397 3763 686 3858 vidlum'iongius
700 3767 905 3848 avolarent,
938 3764 1005 3857 ipsa
1027 3766 1149 3838 nidum
1168 3789 1241 3838 non
1267 3765 1443 3852 deseruit,

396 3876 441 3936 ut
453 3858 604 3954 serpenti
622 3861 807 3936 obsisteret.
845 3865 990 3956 Serpens
1009 3867 1115 3958 iginn
1136 3867 1240 3958 paulo
1263 3866 1339 3959 post
1358 3893 1442 3960 pro-

398 3958 527 4058 greiius
553 3961 864 4058 elatibulopdllbs
879 3964 1099 4058 aggreditur,
1140 3969 1173 4037 u
1200 3969 1280 4038 licet
1300 3966 1344 4038 ab
1375 3959 1444 4046 ave

393 4059 537 4135 custode
554 4059 936 4155 rostra‘impe‘teretur,
962 4089 1041 4162 non
1058 4065 1169 4136 statim
1188 4063 1342 4156 reoessit,
1381 4065 1439 4139 sed

398 4165 532 4234 etesius
548 4183 694 4252 torpore
709 4161 896 4254 caudaeque
922 4166 1077 4238 innitens
1105 4161 1138 4234 se
1163 4165 1379 4262 opponebat,
1407 4163 1441 4240 dc

393 4257 550 4334 secando
565 4259 637 4348 iam
657 4263 769 4343 iiius,
790 4260 888 4357 spiris
907 4263 1088 4336 involvere
1110 4263 1285 4336 custodem
1315 4264 1441 4338 frustm

391 4358 627 4441 moliebatur,
654 4376 834 4454 utcunque
846 4365 1007 4464 plurimis
1021 4361 1055 4438 ie
1070 4362 1216 4436 flexibus
1234 4361 1439 4443 infirmaret·

394 4479 480 4536 tum
507 4454 606 4533 facile
629 4459 795 4536 evadebat
806 4467 882 4540 avis
899 4466 937 4538 in
951 4458 1097 4553 sublime
1117 4459 1149 4537 se
1170 4467 1355 4560 recipiens
1385 4467 1441 4540 Sic

1357 4565 1443 4644 dum
