3175 5434
412 531 497 606 rao
758 528 1101 622 orrrrrtr

463 683 543 750 109.
572 658 647 732 Hos
666 681 749 731 vero
768 657 859 730 fama
871 659 1031 746 estJovis
1048 656 1160 730 lilium
1177 658 1366 732 Herculem
1378 651 1444 734 lor.

407 780 500 842 tem,
525 759 712 832 lutinntem
730 755 873 852 abegise
887 779 986 829 antea
1002 781 1045 828 ex
1058 755 1224 849 Erythia,
1253 761 1395 852 quando
1404 761 1444 831 ad

406 865 590 935 Oceanum
602 861 750 940 certavit¹
770 883 849 931 cum
858 860 1044 949 Geryone,
1061 881 1211 949 eumque
1221 856 1444 932 interfecitin
1507 900 1508 911 ι

407 958 536 1052 speculi
563 985 573 1028 ι
598 961 764 1052 quoniam
782 958 934 1029 laborem
951 959 1210 1048 alrum'parabat
1225 982 1299 1030 non
1310 959 1444 1046 Jirnoni

1504 472 1508 542 i

1507 729 1508 759 l

1506 768 1508 805 l

1506 816 1508 873 l

1506 974 1508 1025 l

407 1059 529 1140 obire,
561 1081 675 1150 neque
702 1055 887 1149 Eurysthei
908 1055 1025 1154 jussis,
1054 1052 1110 1126 sed
1132 1054 1307 1150 Archippo
1328 1055 1442 1140 socio,
1507 1058 1508 1072 ¹

405 1157 509 1232 Pellae
527 1156 605 1229 duci
626 1182 779 1228 amoenat.
809 1160 949 1249 Qippe
960 1172 1059 1228 antea
1078 1154 1120 1225 ad
1137 1157 1267 1230 radices
1281 1156 1444 1230 Embloni
1507 1162 1508 1169 ’

407 1273 505 1330 tottts
523 1280 661 1349 campus
683 1255 866 1351 stagnabat.
896 1281 976 1327 nam
991 1260 1113 1348 ingens
1129 1251 1263 1347 semper
1285 1261 1442 1330 Orontea
1507 1343 1508 1350 ἵ

406 1355 533 1430 ruebat
564 1380 780 1449 properans
817 1356 997 1449 glauoique
1030 1351 1295 1428 obliviscebatur
1320 1359 1441 1438 maris,

406 1452 566 1532 incensus
581 1479 659 1554 amc
654 1480 699 1526 re
716 1453 891 1547 Nymphae
908 1453 1085 1536 caeruleae,
1101 1455 1238 1526 Oceani
1253 1453 1356 1528 filiae.
1383 1460 1442 1527 im-

380 1611 384 1620 ·
406 1555 608 1630 morabatur
624 1573 740 1627 autem
760 1554 801 1626 ad
817 1575 974 1638 moriter,
1002 1552 1276 1649 occulebatque
1259 1557 1335 1627 laeta
1349 1580 1440 1636 arva,

406 1658 532 1728 nolens
553 1659 712 1727 omittere
738 1652 911 1747 perdrtum
924 1678 1078 1727 amorem
1096 1655 1282 1726 Meliboeae.
1312 1657 1443 1730 Monti·
1482 1654 1508 1690 ·’

406 1755 474 1829 bus
498 1777 582 1826 veto
602 1757 916 1846 utrinquecircum
940 1754 1161 1848 cingebatur,
1203 1755 1441 1827 attollentibus
1507 1818 1508 1849 ι

406 1858 574 1948 utrinque
597 1857 688 1926 inter
702 1851 735 1926 se
754 1855 846 1946 juga.
872 1854 949 1927 lbat
963 1854 1007 1925 ab
1024 1871 1103 1925 ortu
1116 1853 1302 1926 Diocleum
1319 1878 1449 1947 eorpus-

407 1953 567 2050 (iugum)
575 1954 742 2028 arduum:
771 1977 893 2029 verum
907 1955 949 2026 ab
964 1951 1083 2026 occasu
1100 1954 1226 2026 laevum
1243 1979 1356 2027 cornu
1368 1956 1442 2027 Em-

407 2053 528 2126 bloni:
553 2050 622 2144 ipse
641 2071 756 2127 autem
771 2056 810 2124 in
821 2053 943 2126 mediis
959 2053 1077 2148 rapide
1090 2077 1195 2126 ruens
1210 2057 1351 2146 campis,
1362 2053 1442 2126 sem-
1507 2098 1508 2127 l

407 2177 470 2248 per
490 2148 661 2235 crescens,
685 2156 717 2224 a
734 2177 841 2247 prope
857 2158 985 2225 moenia
1001 2151 1186 2240 accedens,
1204 2159 1441 2228 continentem
1507 2150 1508 2169 ³

407 2251 510 2326 fimul
538 2250 762 2334 &insulam‚
800 2278 910 2328 nicam
929 2257 1095 2346 patriam,
1119 2255 1278 2325 alluebat
1297 2257 1440 2370 ltaque

408 2377 492 2426 mox
520 2351 659 2444 patabat
685 2355 785 2441 Jotis
812 2351 905 2425 lilius
937 2352 1090 2445 utrisque
1126 2346 1302 2448 gurgitem
1328 2358 1449 2440 metiri)
1507 2404 1508 2415 ι

409 2455 503 2526 clava
519 2453 721 2524 &manibus
741 2451 881 2534 validis,
901 2469 1004 2545 atque
1024 2476 1129 2544 aquas
1159 2478 1201 2524 ex
1219 2479 1340 2547 campo
1357 2453 1442 2526 seor

390 2546 483 2626 'sum
500 2563 655 2624 coercere
675 2549 906 2667 pulclriicomi
923 2553 1014 2625 lacus
1033 2550 1262 2644 (Meliboeae)
1279 2560 1312 2627 &
1332 2554 1440 2647 rapidi
1507 2606 1508 2665 ι

407 2651 572 2726 fluminis.
603 2653 737 2748 Peregit
750 2644 866 2724 autem
885 2677 1049 2746 magnum
1067 2651 1239 2732 laborem,
1266 2657 1330 2728 ubi
1350 2653 1441 2727 salli·

378 2757 504 2847 ''gium
524 2752 652 2824 excidit
674 2753 972 2844 circumjediorum
991 2755 1185 2823 montium:
1209 2752 1441 2849 solvitquesa·
1507 2796 1508 2801 ι

406 2877 471 2926 xea
489 2851 651 2933 vincula,
681 2851 877 2940 &fluvium
895 2849 1006 2924 emisit
1026 2869 1262 2944 erumpentem
1274 2880 1334 2946 per
1347 2879 1440 2926 mon·
1507 2902 1508 2933 ι

407 2956 498 3024 tium
518 2949 730 3042 crepidinem
760 2953 912 3023 violente
930 2951 1151 3041 aestuantem,
1187 2957 1441 3028 &immaniter
1500 2944 1508 3005 ι’

407 3069 693 3124 murmurantem.
735 3050 874 3122 Direxit
887 3074 970 3122 vero
985 3072 1064 3122 eum
1079 3051 1122 3122 ad
1137 3053 1272 3124 littora:
1300 3052 1442 3127 fremuit

407 3169 523 3223 autem
548 3173 641 3221 mare
667 3146 879 3232 clamosum,
913 3153 946 3222 dt
977 3153 1107 3241 Syriaci
1132 3148 1306 3246 fragorem
1334 3154 1440 3226 edidit

406 3265 522 3321 ιιιιιιιι
541 3273 665 3340 corpus
685 3249 824 3324 littoris.
858 3252 943 3322 Νοιι
959 3253 1041 3322 tales
1057 3277 1099 3323 ex
1113 3269 1261 3344 utraque
1277 3274 1375 3347 parte
1393 3251 1441 3325 so·

389 3351 488 3437 :nori
511 3351 613 3419 maris
635 3348 777 3443 aduerso
797 3367 974 3427 currentes
993 3352 1093 3422 alveo
1113 3349 1212 3422 fluvii
1231 3352 1440 3427 descendunt

405 3448 502 3522 unda
518 3445 656 3542 rapida:
683 3449 780 3520 illinc
802 3449 942 3540 quidem
956 3451 1130 3542 aquilonis
1143 3447 1258 3524 secans
1279 3455 1439 3527 candidas
1507 3466 1508 3553 J

407 3551 499 3631 vias,
525 3575 585 3642 per
607 3547 784 3640 Scythiam
798 3549 881 3620 Ister
904 3550 1021 3640 strepit
1042 3550 1266 3624 vehementer
1283 3556 1439 3650 undique

406 3647 567 3742 prorsus,
589 3647 707 3722 labens
729 3671 789 3741 per
811 3653 997 3742 praecipitia
1018 3652 1050 3722 dc
1071 3650 1231 3724 fluetibus
1252 3674 1376 3728 vexata
1388 3659 1440 3754 ju·
1507 3670 1508 3725 1

407 3771 450 3843 ga
471 3752 669 3834 montium:
710 3747 940 3821 illincrursus
969 3773 1013 3820 ex
1027 3747 1141 3822 Africa
1160 3748 1440 3828 sacrumliumen
1507 3728 1508 3821 i

397 3849 592 3969 ,Ip'gypti
565 3846 744 3921 clrcumse
766 3845 912 3920 statium
935 3845 1100 3921 formidat
1122 3847 1268 3923 sonorus
1288 3875 1438 3945 pontus·
1507 3922 1508 3925 ,

406 3941 448 4022 ut
474 3948 601 4020 fluvius
625 3939 779 4020 edebat
770 3970 894 4040 ingens
927 3951 966 4018 in
987 3948 1163 4020 littoribus
1185 3955 1343 4026 Orontes
1363 3954 1441 4026 hot

405 4049 553 4122 rendum
564 4051 760 4164 mugitum·
786 4045 1012 4120 vehementer
1029 4067 1145 4121 autern
1157 4048 1367 4155 resonabant
1387 4056 1439 4126 lit-

407 4164 483 4220 torn
503 4149 703 4239 recipientia
722 4145 795 4218 smu
815 4151 962 4219 recentis
984 4146 1160 4221 undam
1126 4155 1246 4222 maris:
1277 4170 1369 4225 terra
1384 4179 1440 4227 au-

1506 3981 1508 4039 l

406 4263 476 4318 tem
496 4243 680 4338 respirabat
706 4251 827 4339 nigra,
854 4243 1014 4320 foecunda
1039 4251 1147 4321 ubete
1174 4250 1308 4344 glebae,
1338 4254 1438 4326 undis
1507 4260 1508 4317 ἰ

382 4344 553 4428 emersa,
570 4371 684 4420 rrovus
709 4370 848 4438 campus
847 4344 1031 4420 Herculis
1056 4350 1196 4442 Ubique
1211 4368 1327 4424 autem
1339 4376 1439 4426 etiam

406 4465 502 4518 nunc
519 4443 682 4543 spicigera
710 4439 790 4526 sunt
818 4470 922 4530 arva,
951 4446 1137 4544 paffimque
1172 4451 1310 4526 labores
1333 4453 1508 4561 boum
