3175 5434
708 379 726 423 Χ

393 557 480 643 ete
735 557 1081 626 onerist

394 715 461 764 mae
477 683 536 761 alae
552 683 722 763 custodes.
749 688 953 765 Aliiautem
971 681 1160 759 consistunt
1174 709 1270 761 more
1290 687 1435 763 bellisu·
1511 717 1513 770 j

395 789 483 862 nesti
499 787 589 861 seces
599 787 767 858 -ardentes
785 789 865 879 igne
887 789 1051 856 micantes
1078 786 1235 879 undique
1255 788 1433 868 habentes.
1512 799 1513 802 ’

385 889 564 961 ,Ἦωτιιηι
584 904 700 957 autem
723 883 961 978 unusquisque
984 883 1088 958 habet
1109 883 1243 960 scutum
1267 893 1307 961 in
1332 913 1437 961 manu

394 989 483 1060 lreva
499 989 612 1080 clypei
629 983 768 1066 sonori,
798 987 861 1078 qui
875 983 958 1056 seris
980 986 1222 1059 maximus-est
1241 989 1347 1060 tirnor
1362 1013 1438 1060 cru·
1512 997 1513 1000 ’

395 1089 511 1170 entis,
537 1086 657 1156 dextra
681 1101 797 1156 autem
817 1081 946 1176 fertex
970 1086 1064 1174 picea
1083 1084 1282 1179 flagrantem
1307 1090 1436 1182 ignem.

395 1185 498 1258 valde
516 1188 621 1256 enim
645 1186 745 1256 timet
760 1185 852 1276 ignis
879 1185 953 1254 vim
969 1182 1111 1275 jubatus
1128 1185 1211 1266 leo,
1245 1211 1361 1280 neque
1388 1191 1439 1259 in-

396 1288 490 1360 tueri
505 1281 647 1356 sustinet
668 1277 840 1355 irretortis
855 1284 977 1354 oculis.
1012 1283 1157 1375 Equites
1175 1303 1290 1358 nutem
1311 1287 1377 1358 ubi
1392 1291 1439 1358 vi-

397 1385 514 1456 derint
530 1385 671 1454 leonum
689 1381 892 1474 generosum
908 1382 1024 1472 pestus
1043 1433 1054 1463 ,
1086 1407 1207 1456 omnes
1236 1388 1365 1477 pariter
1391 1391 1439 1458 ir.

396 1501 509 1557 ruunt
527 1486 560 1555 δι
580 1483 737 1574 undique
751 1484 882 1574 pedites
900 1477 1093 1574 sequuntur
1113 1483 1349 1576 cum-strepitu
1365 1485 1439 1559 scu-

401 1601 543 1664 torum,
567 1584 664 1674 itque
681 1584 811 1658 clamor
823 1581 921 1654 coelo.
953 1583 1045 1652 Ferae
1063 1599 1177 1656 aurern
1197 1607 1269 1656 non
1283 1604 1437 1666 manent,

401 1677 789 1776 sedconverfiinsugnm
801 1679 990 1760 discedunt,
1000 1683 1299 1755 animomcrdicus
1309 1685 1439 1758 infren-

402 1781 544 1864 dentes,
558 1784 710 1876 pugnare
721 1779 923 1855 recusantes.
950 1783 1000 1853 Ut
1009 1805 1092 1852 vero
1112 1781 1215 1876 pisces
1227 1808 1287 1877 per
1298 1791 1440 1857 nostem

397 1881 501 1954 astuti
529 1878 712 1974 piscatores
732 1881 776 1952 ad
807 1884 890 1953 retis
911 1878 1038 1970 jasium
1071 1880 1227 1976 dirigunt
1257 1885 1437 1957 velocibus

401 1981 527 2053 lembis
537 1981 703 2074 gestantes
719 1980 877 2052 ardentes
893 1977 1002 2052 faces:
1029 1979 1082 2051 illi
1097 2002 1212 2054 autem
1225 1985 1353 2057 timent
1370 2008 1440 2056 cer·

400 2095 528 2152 nentes
554 2078 682 2172 pisces,
714 2103 827 2174 neque
850 2075 939 2150 ferre
957 2075 1093 2170 possunt
1122 2085 1307 2154 micantem
1327 2082 1439 2177 fulgo-

400 2203 498 2252 rem:
525 2176 572 2253 src
586 2183 704 2252 leones
722 2203 820 2274 reges
835 2182 1026 2250 connivent
1049 2184 1180 2269 oculis,
1208 2185 1240 2254 ἃ
1262 2201 1348 2256 tune
1370 2183 1440 2256 scr·
1462 2185 1466 2195 '

404 2277 578 2352 midcntes
596 2280 859 2354 multitudinem
878 2277 1079 2362 huminum,
1108 2281 1322 2354 &flammam
1339 2283 1439 2356 taeda·

405 2401 510 2463 rum,
536 2376 658 2475 sponte
671 2379 714 2452 ad
730 2383 850 2475 plexos
861 2381 988 2452 retium
1008 2375 1102 2454 finus
1120 2381 1300 2454 accedunt.
1512 2381 1513 2388 ’

397 2619 404 2626 ·
459 2608 543 2682 147.
579 2588 637 2661 Est
664 2605 779 2663 autem
804 2589 959 2686 quaedam
988 2589 1184 2661 venationis
1216 2591 1319 2660 tertia
1350 2587 1437 2661 ratio

399 2686 600 2779 AElhiopum
618 2694 735 2782 magni
750 2689 900 2772 laboris,
920 2689 1095 2770 mirande,
1114 2712 1217 2782 quam
1235 2692 1304 2760 viri
1323 2691 1438 2760 valen-

398 2805 453 2858 tes
475 2786 650 2879 AEthiopes
670 2794 802 2863 virtute
821 2787 901 2860 freti
919 2806 1069 2883 quatuor
1090 2786 1287 2880 perficiunt.
1327 2789 1438 2860 Texta

363 2883 491 2980 ‚scuta
508 2885 701 2960 conficiunt
713 2888 887 2961 nexilibus
907 2891 1098 2960 viminibus
1111 2885 1235 2976 fortia,
1261 2889 1294 2960 dt
1325 2889 1439 2961 lateri-
1512 2977 1513 2980 Ἴ

401 2986 469 3056 bus
484 2989 655 3057 rotundat
690 2993 893 3081 coriumque
911 2989 1084 3060 bubulum
1103 2986 1226 3059 ficcum
1243 2991 1438 3060 extendunt

400 3081 501 3176 super
521 3087 660 3178 clypeos
678 3087 873 3170 rotundOS,
901 3106 943 3160 ut
961 3107 1073 3160 arcent
1089 3090 1161 3158 vim
1181 3083 1354 3159 saevorum
1374 3111 1436 3158 un·
1462 3135 1463 3138 =

402 3187 525 3277 guium
546 3185 772 3279 dentiumque
786 3186 1011 3260 funestorum.
1047 3184 1114 3281 Ipsi
1129 3204 1243 3258 autem
1262 3190 1340 3257 ovis
1355 3187 1437 3258 flore
1502 3251 1507 3264 .

402 3278 515 3376 (lana)
528 3283 726 3356 universum
743 3285 1059 3378 'corpusinduunu
1085 3289 1278 3362 vincientes
1293 3283 1437 3377 superne

401 3381 534 3454 crebris
550 3379 682 3481 fpsciis3
707 3389 817 3478 capita
833 3385 952 3458 casside
965 3405 1109 3480 tegunt,
1148 3383 1218 3456 sola
1236 3407 1321 3456 vero
1338 3406 1437 3479 apprr-

393 3497 482 3554 ·rent
499 3481 592 3554 nuda
607 3483 722 3566 labra,
749 3484 917 3574 senalus,
944 3490 1088 3559 &oculi
1106 3489 1281 3556 micantes.
1324 3485 1368 3556 In
1390 3485 1437 3558 se-

399 3601 609 3655 remantem
624 3584 758 3658 vadunt
775 3610 854 3658 cum
873 3590 1004 3676 impetu
1021 3582 1177 3681 fragoso,
1201 3583 1345 3676 flagellis
1364 3609 1435 3657 cre-

400 3682 475 3754 bris
490 3693 605 3754 aerem
622 3685 857 3764 verberantes.
910 3687 1082 3758 Caeterum
1099 3685 1157 3755 ille
1181 3709 1222 3755 ex
1239 3701 1342 3756 antro
1361 3707 1437 3778 pro·

400 3777 547 3874 spiciens
567 3785 745 3867 immanis,
774 3789 869 3880 rugit
886 3784 972 3877 palso
992 3783 1128 3858 funesto
1143 3788 1234 3856 ridtu
1254 3789 1439 3857 contravi-

399 3903 480 3963 ros,
509 3878 612 3951 caes1is
629 3886 739 3956 oculis
756 3882 949 3980 fulgentem
968 3888 1095 3978 ignem·
1110 3887 1261 3965 micans,
1299 3887 1352 3956 ira
1368 3882 1437 3956 fer.

400 3979 523 4061 vidus,
551 3977 667 4054 similis
688 3985 814 4056 coelesti
827 3983 976 4057 fulmini.
1014 3987 1099 4058 Non
1115 3988 1164 4056 itn
1179 3985 1311 4076 Gangis
1328 3985 1438 4057 fluen-

399 4097 478 4153 tum
494 4077 675 4152 advtrsum
694 4081 758 4153 soli
779 4085 944 4158 Indicam¹
956 4081 1056 4176 super
1081 4102 1207 4157 terram
1225 4085 1438 4176 Meryando-

399 4202 481 4252 rum
512 4178 623 4250 solum
651 4204 833 4275 peragrans
852 4187 962 4277 'rugit
991 4189 1164 4278 mugitum
1196 4181 1434 4267 horrendum,

402 4301 484 4350 cum
499 4303 518 4349 e
533 4280 677 4371 rupibus
692 4305 876 4377 erumpens
887 4287 1026 4376 operuit
1041 4285 1184 4356 veniens
1198 4307 1326 4375 corpus
1343 4286 1438 4358 litte

402 4373 472 4456 sis,
508 4374 570 4470 qui
596 4386 754 4472 quamvls
776 4383 846 4476 ipse
871 4381 1046 4456 latissimus
1073 4387 1186 4456 etiam
1202 4386 1333 4478 viginti
1360 4386 1437 4457 eliis

400 4487 547 4568 nugetur
573 4476 808 4569 fluminibus,
853 4481 1085 4559 irrnlmescens
1117 4481 1240 4578 rapido
1276 4488 1439 4578 gurgite:
