<?xml version="1.0" encoding="UTF-8"?>
<!DOCTYPE html PUBLIC "-//W3C//DTD XHTML 1.0 Transitional//EN"
    "http://www.w3.org/TR/xhtml1/DTD/xhtml1-transitional.dtd">
<html xmlns="http://www.w3.org/1999/xhtml" xml:lang="en" lang="en">
 <head>
  <title>
</title>
<meta http-equiv="Content-Type" content="text/html;charset=utf-8" />
  <meta name='ocr-system' content='tesseract 3.04.00' />
  <meta name='ocr-capabilities' content='ocr_page ocr_carea ocr_par ocr_line ocrx_word'/>
</head>
<body>
  <div class='ocr_page' id='page_1' title='image "./oppianipoetaeci00oppigoog_0282.png"; bbox 0 0 3175 5434; ppageno 0'>
   <div class='ocr_carea' id='block_1_1' title="bbox 163 467 1201 579">
    <p class='ocr_par' dir='ltr' id='par_1_1' title="bbox 163 467 1201 579">
     <span class='ocr_line' id='line_1_1' title="bbox 163 467 1201 579; baseline 0.038 -47"><span class='ocrx_word' id='word_1_1' title='bbox 163 467 174 496; x_wconf 89' lang='lat'><strong>··</strong></span> <span class='ocrx_word' id='word_1_2' title='bbox 279 469 1053 569; x_wconf 71' lang='lat' dir='ltr'><strong>‘nnvnuneioneneneru</strong></span> <span class='ocrx_word' id='word_1_3' title='bbox 1111 470 1201 579; x_wconf 60' lang='lat' dir='ltr'><strong>aar</strong></span> 
     </span>
    </p>
   </div>
   <div class='ocr_carea' id='block_1_2' title="bbox 146 614 1296 2686">
    <p class='ocr_par' dir='ltr' id='par_1_2' title="bbox 146 614 1296 2686">
     <span class='ocr_line' id='line_1_2' title="bbox 207 614 1211 708; baseline 0.012 -22"><span class='ocrx_word' id='word_1_4' title='bbox 207 625 301 708; x_wconf 77' lang='lat' dir='ltr'><strong>46r.</strong></span> <span class='ocrx_word' id='word_1_5' title='bbox 325 617 487 688; x_wconf 85' lang='lat' dir='ltr'><strong>Memora</strong></span> <span class='ocrx_word' id='word_1_6' title='bbox 510 614 598 688; x_wconf 89' lang='lat' dir='ltr'><strong>mihi</strong></span> <span class='ocrx_word' id='word_1_7' title='bbox 622 619 724 688; x_wconf 82' lang='lat' dir='ltr'><strong>etiam</strong></span> <span class='ocrx_word' id='word_1_8' title='bbox 749 617 837 700; x_wconf 82' lang='lat' dir='ltr'><strong>ille,</strong></span> <span class='ocrx_word' id='word_1_9' title='bbox 882 644 904 689; x_wconf 89' lang='grc' dir='ltr'><strong><em>ο</em></strong></span> <span class='ocrx_word' id='word_1_10' title='bbox 921 614 1068 694; x_wconf 84' lang='lat' dir='ltr'><strong>facunda</strong></span> <span class='ocrx_word' id='word_1_11' title='bbox 1094 615 1211 708; x_wconf 65' lang='lat' dir='ltr'><strong>mim,</strong></span> 
     </span>
     <span class='ocr_line' id='line_1_3' title="bbox 156 713 1208 818; baseline 0.013 -34"><span class='ocrx_word' id='word_1_12' title='bbox 156 733 301 808; x_wconf 81' lang='lat' dir='ltr'><strong>argute,</strong></span> <span class='ocrx_word' id='word_1_13' title='bbox 330 719 437 786; x_wconf 77' lang='lat' dir='ltr'><strong>mixta</strong></span> <span class='ocrx_word' id='word_1_14' title='bbox 461 732 586 790; x_wconf 81' lang='lat' dir='ltr'><strong>natura</strong></span> <span class='ocrx_word' id='word_1_15' title='bbox 603 713 755 788; x_wconf 84' lang='lat' dir='ltr'><strong>serarum</strong></span> <span class='ocrx_word' id='word_1_16' title='bbox 777 741 820 786; x_wconf 88' lang='lat' dir='ltr'><strong>ex</strong></span> <span class='ocrx_word' id='word_1_17' title='bbox 838 715 980 792; x_wconf 77' lang='lat' dir='ltr'><strong>duobus</strong></span> <span class='ocrx_word' id='word_1_18' title='bbox 993 720 1132 805; x_wconf 82' lang='lat' dir='ltr'><strong>confusa</strong></span> <span class='ocrx_word' id='word_1_19' title='bbox 1151 751 1208 818; x_wconf 66' lang='lat' dir='ltr'><strong>ge</strong></span> 
     </span>
     <span class='ocr_line' id='line_1_4' title="bbox 155 811 1209 908; baseline 0.012 -23"><span class='ocrx_word' id='word_1_20' title='bbox 155 837 268 896; x_wconf 85' lang='lat' dir='ltr'><strong>nera,</strong></span> <span class='ocrx_word' id='word_1_21' title='bbox 290 815 424 906; x_wconf 21' lang='lat' dir='ltr'><strong>&#39;animal</strong></span> <span class='ocrx_word' id='word_1_22' title='bbox 447 815 622 908; x_wconf 74' lang='lat' dir='ltr'><strong>pantherae</strong></span> <span class='ocrx_word' id='word_1_23' title='bbox 641 832 738 908; x_wconf 84' lang='lat' dir='ltr'><strong>tergo</strong></span> <span class='ocrx_word' id='word_1_24' title='bbox 754 811 883 899; x_wconf 83' lang='lat' dir='ltr'><strong>fimile,</strong></span> <span class='ocrx_word' id='word_1_25' title='bbox 909 815 1209 903; x_wconf 72' lang='lat' dir='ltr'><strong>iimuldecamelo.¹</strong></span> 
     </span>
     <span class='ocr_line' id='line_1_5' title="bbox 155 910 1209 1014; baseline 0.009 -28"><span class='ocrx_word' id='word_1_26' title='bbox 155 915 320 1008; x_wconf 73' lang='lat' dir='ltr'><strong>luppiter</strong></span> <span class='ocrx_word' id='word_1_27' title='bbox 331 933 446 1008; x_wconf 85' lang='lat' dir='ltr'><strong>pater,</strong></span> <span class='ocrx_word' id='word_1_28' title='bbox 471 939 574 1008; x_wconf 89' lang='lat' dir='ltr'><strong>quam</strong></span> <span class='ocrx_word' id='word_1_29' title='bbox 591 912 697 986; x_wconf 84' lang='lat' dir='ltr'><strong>solers</strong></span> <span class='ocrx_word' id='word_1_30' title='bbox 714 910 940 1007; x_wconf 74' lang='lat' dir='ltr'><strong>quot&#39;genera·</strong></span> <span class='ocrx_word' id='word_1_31' title='bbox 953 920 1056 993; x_wconf 84' lang='lat' dir='ltr'><strong>nobis</strong></span> <span class='ocrx_word' id='word_1_32' title='bbox 1077 919 1209 1014; x_wconf 70' lang='lat' dir='ltr'><strong>sevisti„</strong></span> 
     </span>
     <span class='ocr_line' id='line_1_6' title="bbox 156 1013 1204 1110; baseline 0.01 -24"><span class='ocrx_word' id='word_1_33' title='bbox 156 1039 239 1106; x_wconf 77' lang='lat' dir='ltr'><strong>quae</strong></span> <span class='ocrx_word' id='word_1_34' title='bbox 266 1013 483 1087; x_wconf 87' lang='lat' dir='ltr'><strong>terrestribus</strong></span> <span class='ocrx_word' id='word_1_35' title='bbox 511 1013 719 1086; x_wconf 76' lang='lat' dir='ltr'>animalibus</span> <span class='ocrx_word' id='word_1_36' title='bbox 753 1013 925 1098; x_wconf 84' lang='lat' dir='ltr'><strong>tribuisti,</strong></span> <span class='ocrx_word' id='word_1_37' title='bbox 956 1044 1033 1110; x_wconf 82' lang='lat' dir='ltr'><strong>quae</strong></span> <span class='ocrx_word' id='word_1_38' title='bbox 1061 1026 1204 1097; x_wconf 84' lang='lat' dir='ltr'><strong>marinis</strong></span> 
     </span>
     <span class='ocr_line' id='line_1_7' title="bbox 155 1109 1201 1209; baseline 0.011 -26"><span class='ocrx_word' id='word_1_39' title='bbox 155 1109 328 1206; x_wconf 78' lang='lat' dir='ltr'><strong>piscibus:</strong></span> <span class='ocrx_word' id='word_1_40' title='bbox 368 1117 430 1208; x_wconf 86' lang='lat' dir='ltr'><strong>qui</strong></span> <span class='ocrx_word' id='word_1_41' title='bbox 449 1113 546 1186; x_wconf 88' lang='lat' dir='ltr'><strong>istam</strong></span> <span class='ocrx_word' id='word_1_42' title='bbox 563 1111 717 1186; x_wconf 77' lang='lat' dir='ltr'><strong>formasti</strong></span> <span class='ocrx_word' id='word_1_43' title='bbox 746 1116 869 1185; x_wconf 80' lang='lat' dir='ltr'><strong>carneli</strong></span> <span class='ocrx_word' id='word_1_44' title='bbox 900 1117 1039 1209; x_wconf 85' lang='lat' dir='ltr'><strong>prorsus</strong></span> <span class='ocrx_word' id='word_1_45' title='bbox 1067 1125 1201 1198; x_wconf 86' lang='lat' dir='ltr'><strong>variam</strong></span> 
     </span>
     <span class='ocr_line' id='line_1_8' title="bbox 156 1209 1201 1308; baseline 0.011 -24"><span class='ocrx_word' id='word_1_46' title='bbox 156 1210 328 1305; x_wconf 83' lang='lat' dir='ltr'><strong>speciem,</strong></span> <span class='ocrx_word' id='word_1_47' title='bbox 354 1215 504 1286; x_wconf 82' lang='lat' dir='ltr'><strong>induens</strong></span> <span class='ocrx_word' id='word_1_48' title='bbox 539 1215 690 1308; x_wconf 87' lang='lat' dir='ltr'><strong>pellibus</strong></span> <span class='ocrx_word' id='word_1_49' title='bbox 728 1209 900 1284; x_wconf 76' lang='lat' dir='ltr'><strong>saevarum</strong></span> <span class='ocrx_word' id='word_1_50' title='bbox 929 1218 1201 1308; x_wconf 77' lang='lat' dir='ltr'>pantherarum,</span> 
     </span>
     <span class='ocr_line' id='line_1_9' title="bbox 155 1309 1199 1406; baseline 0.011 -23"><span class='ocrx_word' id='word_1_51' title='bbox 155 1309 394 1404; x_wconf 83' lang='lat' dir='ltr'><strong>splendidum,</strong></span> <span class='ocrx_word' id='word_1_52' title='bbox 417 1331 614 1401; x_wconf 83' lang='lat' dir='ltr'><strong>emoenum,</strong></span> <span class='ocrx_word' id='word_1_53' title='bbox 628 1309 843 1384; x_wconf 79' lang='lat' dir='ltr'><strong>mansuetum</strong></span> <span class='ocrx_word' id='word_1_54' title='bbox 854 1338 963 1406; x_wconf 86' lang='lat' dir='ltr'><strong>genus</strong></span> <span class='ocrx_word' id='word_1_55' title='bbox 980 1318 1199 1402; x_wconf 86' lang='lat' dir='ltr'><strong>hominibus.</strong></span> 
     </span>
     <span class='ocr_line' id='line_1_10' title="bbox 158 1412 1205 1508; baseline 0.011 -24"><span class='ocrx_word' id='word_1_56' title='bbox 158 1414 301 1499; x_wconf 77' lang='lat' dir='ltr'><strong>Collum</strong></span> <span class='ocrx_word' id='word_1_57' title='bbox 321 1417 354 1486; x_wconf 88' lang='lat' dir='ltr'><strong>ei</strong></span> <span class='ocrx_word' id='word_1_58' title='bbox 378 1415 545 1506; x_wconf 84' lang='lat' dir='ltr'><strong>longum,</strong></span> <span class='ocrx_word' id='word_1_59' title='bbox 568 1413 714 1485; x_wconf 82' lang='lat' dir='ltr'><strong>maculis</strong></span> <span class='ocrx_word' id='word_1_60' title='bbox 742 1416 877 1502; x_wconf 68' lang='lat' dir='ltr'><strong>penum</strong></span> <span class='ocrx_word' id='word_1_61' title='bbox 901 1439 1057 1508; x_wconf 82' lang='lat' dir='ltr'><strong>corpus,</strong></span> <span class='ocrx_word' id='word_1_62' title='bbox 1098 1412 1205 1495; x_wconf 78' lang='lat' dir='ltr'><strong>aures</strong></span> 
     </span>
     <span class='ocr_line' id='line_1_11' title="bbox 155 1509 1249 1610; baseline 0.002 -28"><span class='ocrx_word' id='word_1_63' title='bbox 155 1510 301 1600; x_wconf 85' lang='lat' dir='ltr'><strong>breves,</strong></span> <span class='ocrx_word' id='word_1_64' title='bbox 327 1513 487 1608; x_wconf 86' lang='lat' dir='ltr'><strong>glabrum</strong></span> <span class='ocrx_word' id='word_1_65' title='bbox 505 1509 607 1604; x_wconf 84' lang='lat' dir='ltr'><strong>supra</strong></span> <span class='ocrx_word' id='word_1_66' title='bbox 626 1512 850 1606; x_wconf 79' lang='lat' dir='ltr'><strong>caput,.longi</strong></span> <span class='ocrx_word' id='word_1_67' title='bbox 863 1515 988 1606; x_wconf 85' lang='lat' dir='ltr'><strong>pedes,</strong></span> <span class='ocrx_word' id='word_1_68' title='bbox 1011 1519 1200 1610; x_wconf 75' lang='lat' dir='ltr'><strong>lataeplan.</strong></span> <span class='ocrx_word' id='word_1_69' title='bbox 1244 1528 1249 1543; x_wconf 55' lang='lat'>⁸</span> 
     </span>
     <span class='ocr_line' id='line_1_12' title="bbox 152 1613 1199 1710; baseline 0.01 -26"><span class='ocrx_word' id='word_1_70' title='bbox 152 1628 221 1702; x_wconf 77' lang='lat' dir='ltr'><strong>tae,</strong></span> <span class='ocrx_word' id='word_1_71' title='bbox 263 1636 407 1686; x_wconf 84' lang='lat' dir='ltr'><strong>crurum</strong></span> <span class='ocrx_word' id='word_1_72' title='bbox 431 1632 549 1686; x_wconf 88' lang='lat' dir='ltr'><strong>autem</strong></span> <span class='ocrx_word' id='word_1_73' title='bbox 570 1637 645 1684; x_wconf 90' lang='lat' dir='ltr'><strong>non</strong></span> <span class='ocrx_word' id='word_1_74' title='bbox 675 1635 776 1706; x_wconf 78' lang='lat' dir='ltr'><strong>pares</strong></span> <span class='ocrx_word' id='word_1_75' title='bbox 802 1613 963 1698; x_wconf 88' lang='lat' dir='ltr'><strong>moduli,</strong></span> <span class='ocrx_word' id='word_1_76' title='bbox 997 1614 1199 1710; x_wconf 78' lang='lat' dir='ltr'><strong>pedesimn</strong></span> 
     </span>
     <span class='ocr_line' id='line_1_13' title="bbox 152 1711 1199 1808; baseline 0.01 -26"><span class='ocrx_word' id='word_1_77' title='bbox 152 1715 305 1784; x_wconf 86' lang='lat' dir='ltr'><strong>omnino</strong></span> <span class='ocrx_word' id='word_1_78' title='bbox 319 1714 486 1808; x_wconf 86' lang='lat' dir='ltr'><strong>aequales,</strong></span> <span class='ocrx_word' id='word_1_79' title='bbox 523 1736 646 1785; x_wconf 82' lang='lat' dir='ltr'><strong>verum</strong></span> <span class='ocrx_word' id='word_1_80' title='bbox 672 1717 704 1784; x_wconf 90' lang='lat' dir='ltr'><strong>ei</strong></span> <span class='ocrx_word' id='word_1_81' title='bbox 728 1715 866 1802; x_wconf 76' lang='lat' dir='ltr'><strong>priores</strong></span> <span class='ocrx_word' id='word_1_82' title='bbox 889 1711 972 1788; x_wconf 84' lang='lat' dir='ltr'><strong>sunt</strong></span> <span class='ocrx_word' id='word_1_83' title='bbox 997 1719 1199 1808; x_wconf 77' lang='lat' dir='ltr'><strong>longiores,</strong></span> 
     </span>
     <span class='ocr_line' id='line_1_14' title="bbox 150 1812 1279 1910; baseline 0.011 -28"><span class='ocrx_word' id='word_1_84' title='bbox 150 1812 357 1904; x_wconf 83' lang='lat' dir='ltr'><strong>posteriores</strong></span> <span class='ocrx_word' id='word_1_85' title='bbox 375 1831 493 1910; x_wconf 86' lang='lat' dir='ltr'><strong>autem</strong></span> <span class='ocrx_word' id='word_1_86' title='bbox 504 1815 617 1886; x_wconf 90' lang='lat' dir='ltr'><strong>multo</strong></span> <span class='ocrx_word' id='word_1_87' title='bbox 637 1812 849 1894; x_wconf 84' lang='lat' dir='ltr'><strong>breviores,</strong></span> <span class='ocrx_word' id='word_1_88' title='bbox 888 1816 921 1885; x_wconf 88' lang='lat'>&amp;</span> <span class='ocrx_word' id='word_1_89' title='bbox 942 1813 1202 1896; x_wconf 60' lang='lat' dir='ltr'><strong>subsidentibus</strong></span> <span class='ocrx_word' id='word_1_90' title='bbox 1267 1875 1279 1893; x_wconf 41' lang='grc' dir='ltr'><em>Ι</em></span> 
     </span>
     <span class='ocr_line' id='line_1_15' title="bbox 150 1908 1197 2006; baseline 0.01 -24"><span class='ocrx_word' id='word_1_91' title='bbox 150 1908 290 1986; x_wconf 65' lang='lat' dir='ltr'><strong>similes„</strong></span> <span class='ocrx_word' id='word_1_92' title='bbox 340 1915 512 1986; x_wconf 82' lang='lat' dir='ltr'><strong>Caeterum</strong></span> <span class='ocrx_word' id='word_1_93' title='bbox 528 1937 570 1984; x_wconf 87' lang='lat' dir='ltr'><strong>ex</strong></span> <span class='ocrx_word' id='word_1_94' title='bbox 582 1911 697 1990; x_wconf 87' lang='lat' dir='ltr'><strong>medio</strong></span> <span class='ocrx_word' id='word_1_95' title='bbox 708 1915 816 2006; x_wconf 86' lang='lat' dir='ltr'><strong>capite</strong></span> <span class='ocrx_word' id='word_1_96' title='bbox 830 1918 1007 2006; x_wconf 85' lang='lat' dir='ltr'><strong>geminum</strong></span> <span class='ocrx_word' id='word_1_97' title='bbox 1023 1931 1134 1990; x_wconf 80' lang='lat' dir='ltr'><strong>cornu</strong></span> <span class='ocrx_word' id='word_1_98' title='bbox 1142 1942 1197 1992; x_wconf 89' lang='lat' dir='ltr'><strong>re·-</strong></span> 
     </span>
     <span class='ocr_line' id='line_1_16' title="bbox 156 2012 1209 2106; baseline 0.013 -24"><span class='ocrx_word' id='word_1_99' title='bbox 156 2015 209 2082; x_wconf 67' lang='lat' dir='ltr'><strong>eie</strong></span> <span class='ocrx_word' id='word_1_100' title='bbox 220 2016 379 2106; x_wconf 80' lang='lat' dir='ltr'><strong>emergit,</strong></span> <span class='ocrx_word' id='word_1_101' title='bbox 389 2037 462 2084; x_wconf 89' lang='lat' dir='ltr'><strong>non</strong></span> <span class='ocrx_word' id='word_1_102' title='bbox 476 2035 585 2085; x_wconf 87' lang='lat' dir='ltr'><strong>cornu</strong></span> <span class='ocrx_word' id='word_1_103' title='bbox 598 2035 742 2094; x_wconf 79' lang='lat' dir='ltr'><strong>verum,</strong></span> <span class='ocrx_word' id='word_1_104' title='bbox 760 2035 882 2084; x_wconf 87' lang='lat' dir='ltr'><strong>verum</strong></span> <span class='ocrx_word' id='word_1_105' title='bbox 898 2012 1085 2088; x_wconf 88' lang='lat' dir='ltr'><strong>secundum</strong></span> <span class='ocrx_word' id='word_1_106' title='bbox 1095 2042 1209 2098; x_wconf 69' lang='lat' dir='ltr'><strong>auree,</strong></span> 
     </span>
     <span class='ocr_line' id='line_1_17' title="bbox 149 2111 1296 2210; baseline 0.007 -27"><span class='ocrx_word' id='word_1_107' title='bbox 149 2111 190 2183; x_wconf 86' lang='lat' dir='ltr'><strong>in</strong></span> <span class='ocrx_word' id='word_1_108' title='bbox 220 2113 340 2182; x_wconf 87' lang='lat' dir='ltr'><strong>medio</strong></span> <span class='ocrx_word' id='word_1_109' title='bbox 363 2116 472 2206; x_wconf 85' lang='lat' dir='ltr'><strong>eapite</strong></span> <span class='ocrx_word' id='word_1_110' title='bbox 502 2116 602 2204; x_wconf 89' lang='lat' dir='ltr'><strong>parvi</strong></span> <span class='ocrx_word' id='word_1_111' title='bbox 626 2116 666 2184; x_wconf 89' lang='lat' dir='ltr'><strong>in</strong></span> <span class='ocrx_word' id='word_1_112' title='bbox 703 2112 918 2206; x_wconf 78' lang='lat' dir='ltr'><strong>temporibus</strong></span> <span class='ocrx_word' id='word_1_113' title='bbox 946 2117 1101 2188; x_wconf 87' lang='lat' dir='ltr'><strong>eminent</strong></span> <span class='ocrx_word' id='word_1_114' title='bbox 1122 2123 1201 2210; x_wconf 81' lang='lat' dir='ltr'><strong>api·</strong></span> <span class='ocrx_word' id='word_1_115' title='bbox 1292 2171 1296 2176; x_wconf 88' lang='lat'><em>-</em></span> 
     </span>
     <span class='ocr_line' id='line_1_18' title="bbox 150 2209 1200 2310; baseline 0.009 -28"><span class='ocrx_word' id='word_1_116' title='bbox 150 2231 225 2282; x_wconf 85' lang='lat' dir='ltr'><strong>ees:</strong></span> <span class='ocrx_word' id='word_1_117' title='bbox 266 2209 346 2283; x_wconf 86' lang='lat' dir='ltr'><strong>satis</strong></span> <span class='ocrx_word' id='word_1_118' title='bbox 369 2214 524 2298; x_wconf 85' lang='lat' dir='ltr'><strong>patulum</strong></span> <span class='ocrx_word' id='word_1_119' title='bbox 544 2229 584 2285; x_wconf 91' lang='lat' dir='ltr'><strong>ut</strong></span> <span class='ocrx_word' id='word_1_120' title='bbox 603 2236 706 2286; x_wconf 85' lang='lat' dir='ltr'><strong>cervo</strong></span> <span class='ocrx_word' id='word_1_121' title='bbox 724 2230 883 2284; x_wconf 89' lang='lat' dir='ltr'><strong>tenerum</strong></span> <span class='ocrx_word' id='word_1_122' title='bbox 912 2239 976 2298; x_wconf 82' lang='lat' dir='ltr'><strong>os,</strong></span> <span class='ocrx_word' id='word_1_123' title='bbox 1005 2214 1200 2310; x_wconf 89' lang='lat' dir='ltr'><strong>tenuesque</strong></span> 
     </span>
     <span class='ocr_line' id='line_1_19' title="bbox 148 2309 1193 2406; baseline 0.01 -24"><span class='ocrx_word' id='word_1_124' title='bbox 148 2313 244 2384; x_wconf 85' lang='lat' dir='ltr'><strong>intus</strong></span> <span class='ocrx_word' id='word_1_125' title='bbox 274 2311 339 2384; x_wconf 87' lang='lat' dir='ltr'><strong>fixi</strong></span> <span class='ocrx_word' id='word_1_126' title='bbox 362 2309 443 2385; x_wconf 87' lang='lat' dir='ltr'><strong>sunt</strong></span> <span class='ocrx_word' id='word_1_127' title='bbox 473 2311 571 2386; x_wconf 71' lang='lat' dir='ltr'><strong>lactei</strong></span> <span class='ocrx_word' id='word_1_128' title='bbox 602 2313 757 2404; x_wconf 85' lang='lat' dir='ltr'><strong>undique</strong></span> <span class='ocrx_word' id='word_1_129' title='bbox 786 2312 918 2390; x_wconf 83' lang='lat' dir='ltr'><strong>dentes.</strong></span> <span class='ocrx_word' id='word_1_130' title='bbox 965 2315 1193 2406; x_wconf 86' lang='lat' dir='ltr'><strong>Splendorem</strong></span> 
     </span>
     <span class='ocr_line' id='line_1_20' title="bbox 147 2409 1201 2508; baseline 0.001 -26"><span class='ocrx_word' id='word_1_131' title='bbox 147 2409 340 2504; x_wconf 72' lang='lat' dir='ltr'><strong>fulgentem</strong></span> <span class='ocrx_word' id='word_1_132' title='bbox 352 2413 491 2485; x_wconf 88' lang='lat' dir='ltr'><strong>vibrant</strong></span> <span class='ocrx_word' id='word_1_133' title='bbox 504 2413 608 2485; x_wconf 89' lang='lat' dir='ltr'><strong>oculi.</strong></span> <span class='ocrx_word' id='word_1_134' title='bbox 638 2415 812 2484; x_wconf 87' lang='lat' dir='ltr'><strong>Caeterum</strong></span> <span class='ocrx_word' id='word_1_135' title='bbox 828 2411 932 2484; x_wconf 87' lang='lat' dir='ltr'><strong>cauda</strong></span> <span class='ocrx_word' id='word_1_136' title='bbox 945 2413 1062 2488; x_wconf 84' lang='lat' dir='ltr'><strong>brevis</strong></span> <span class='ocrx_word' id='word_1_137' title='bbox 1074 2441 1201 2508; x_wconf 78' lang='lat' dir='ltr'><strong>quem.</strong></span> 
     </span>
     <span class='ocr_line' id='line_1_21' title="bbox 146 2507 1199 2684; baseline 0.01 -103"><span class='ocrx_word' id='word_1_138' title='bbox 146 2511 534 2684; x_wconf 47' lang='lat' dir='ltr'><strong>pdmogurnvelocibus</strong></span> <span class='ocrx_word' id='word_1_139' title='bbox 554 2507 1199 2611; x_wconf 45' lang='lat' dir='ltr'><strong>capreisrsummisinfinenigricantis&#39;</strong></span> 
     </span>
     <span class='ocr_line' id='line_1_22' title="bbox 170 2613 950 2686; baseline 0.009 -2"><span class='ocrx_word' id='word_1_140' title='bbox 170 2635 211 2684; x_wconf 88' lang='lat' dir='ltr'><strong>us</strong></span> <span class='ocrx_word' id='word_1_141' title='bbox 230 2617 263 2686; x_wconf 72' lang='grc' dir='ltr'><strong>ν’</strong></span> <span class='ocrx_word' id='word_1_142' title='bbox 286 2613 342 2686; x_wconf 84' lang='lat' dir='ltr'><strong>lis.</strong></span> <span class='ocrx_word' id='word_1_143' title='bbox 947 2653 950 2657; x_wconf 95' lang='lat'><em>·</em></span> 
     </span>
    </p>
   </div>
   <div class='ocr_carea' id='block_1_3' title="bbox 134 2822 1279 4599">
    <p class='ocr_par' dir='ltr' id='par_1_3' title="bbox 134 2822 1279 4599">
     <span class='ocr_line' id='line_1_23' title="bbox 192 2822 1204 2923; baseline 0 -23"><span class='ocrx_word' id='word_1_144' title='bbox 192 2837 285 2914; x_wconf 75' lang='lat'><strong>482.</strong></span> <span class='ocrx_word' id='word_1_145' title='bbox 309 2822 424 2898; x_wconf 82' lang='lat' dir='ltr'><strong>Sed&amp;</strong></span> <span class='ocrx_word' id='word_1_146' title='bbox 451 2822 548 2897; x_wconf 83' lang='lat' dir='ltr'><strong>aliud</strong></span> <span class='ocrx_word' id='word_1_147' title='bbox 565 2848 676 2917; x_wconf 85' lang='lat' dir='ltr'><strong>genus</strong></span> <span class='ocrx_word' id='word_1_148' title='bbox 692 2825 783 2896; x_wconf 85' lang='lat' dir='ltr'><strong>meis·</strong></span> <span class='ocrx_word' id='word_1_149' title='bbox 804 2822 881 2898; x_wconf 85' lang='lat' dir='ltr'><strong>vidi</strong></span> <span class='ocrx_word' id='word_1_150' title='bbox 905 2827 1044 2909; x_wconf 73' lang='lat' dir='ltr'><strong>oculis,</strong></span> <span class='ocrx_word' id='word_1_151' title='bbox 1083 2828 1204 2923; x_wconf 17' lang='lat' dir='ltr'><strong>genti-y</strong></span> 
     </span>
     <span class='ocr_line' id='line_1_24' title="bbox 144 2921 1194 3018; baseline 0.002 -22"><span class='ocrx_word' id='word_1_152' title='bbox 144 2946 232 2996; x_wconf 79' lang='lat' dir='ltr'><strong>utun</strong></span> <span class='ocrx_word' id='word_1_153' title='bbox 249 2976 266 3006; x_wconf 77' lang='lat'>,</span> <span class='ocrx_word' id='word_1_154' title='bbox 300 2927 428 3017; x_wconf 83' lang='lat' dir='ltr'><strong>ingens</strong></span> <span class='ocrx_word' id='word_1_155' title='bbox 446 2925 644 3018; x_wconf 90' lang='lat' dir='ltr'><strong>prodigium</strong></span> <span class='ocrx_word' id='word_1_156' title='bbox 660 2977 675 3004; x_wconf 83' lang='lat'>,</span> <span class='ocrx_word' id='word_1_157' title='bbox 725 2948 806 2998; x_wconf 89' lang='lat' dir='ltr'><strong>cum</strong></span> <span class='ocrx_word' id='word_1_158' title='bbox 837 2921 962 3017; x_wconf 79' lang='lat' dir='ltr'><strong>passere</strong></span> <span class='ocrx_word' id='word_1_159' title='bbox 994 2929 1162 2998; x_wconf 83' lang='lat' dir='ltr'><strong>camelum</strong></span> <span class='ocrx_word' id='word_1_160' title='bbox 1177 2979 1194 3010; x_wconf 78' lang='lat'><strong>,</strong></span> 
     </span>
     <span class='ocr_line' id='line_1_25' title="bbox 146 3025 1187 3116; baseline 0.001 -20"><span class='ocrx_word' id='word_1_161' title='bbox 146 3049 250 3116; x_wconf 88' lang='lat' dir='ltr'><strong>quam</strong></span> <span class='ocrx_word' id='word_1_162' title='bbox 261 3025 344 3096; x_wconf 88' lang='lat' dir='ltr'><strong>licet</strong></span> <span class='ocrx_word' id='word_1_163' title='bbox 360 3025 539 3098; x_wconf 87' lang='lat' dir='ltr'><strong>velocibus</strong></span> <span class='ocrx_word' id='word_1_164' title='bbox 550 3026 1187 3112; x_wconf 77' lang='lat' dir='ltr'><strong>annumeratam.avibusdtvoluctem,</strong></span> 
     </span>
     <span class='ocr_line' id='line_1_26' title="bbox 142 3124 1198 3219; baseline 0.004 -23"><span class='ocrx_word' id='word_1_165' title='bbox 142 3147 218 3196; x_wconf 88' lang='lat' dir='ltr'><strong>mea</strong></span> <span class='ocrx_word' id='word_1_166' title='bbox 237 3143 365 3196; x_wconf 84' lang='lat' dir='ltr'><strong>sanent</strong></span> <span class='ocrx_word' id='word_1_167' title='bbox 381 3128 553 3206; x_wconf 87' lang='lat' dir='ltr'><strong>earmina,</strong></span> <span class='ocrx_word' id='word_1_168' title='bbox 580 3145 760 3219; x_wconf 86' lang='lat' dir='ltr'><strong>propterea</strong></span> <span class='ocrx_word' id='word_1_169' title='bbox 780 3124 874 3218; x_wconf 88' lang='lat' dir='ltr'><strong>quod</strong></span> <span class='ocrx_word' id='word_1_170' title='bbox 896 3125 1021 3198; x_wconf 76' lang='lat' dir='ltr'><strong>nostrae</strong></span> <span class='ocrx_word' id='word_1_171' title='bbox 1044 3150 1118 3199; x_wconf 88' lang='lat' dir='ltr'><strong>eam</strong></span> <span class='ocrx_word' id='word_1_172' title='bbox 1136 3152 1198 3200; x_wconf 86' lang='lat' dir='ltr'><strong>ca·-</strong></span> 
     </span>
     <span class='ocr_line' id='line_1_27' title="bbox 141 3223 1203 3316; baseline 0.007 -22"><span class='ocrx_word' id='word_1_173' title='bbox 141 3227 193 3316; x_wconf 89' lang='lat' dir='ltr'><strong>pit</strong></span> <span class='ocrx_word' id='word_1_174' title='bbox 212 3227 305 3296; x_wconf 87' lang='lat' dir='ltr'><strong>ratio</strong></span> <span class='ocrx_word' id='word_1_175' title='bbox 319 3223 427 3296; x_wconf 77' lang='lat' dir='ltr'><strong>astuta</strong></span> <span class='ocrx_word' id='word_1_176' title='bbox 444 3229 658 3298; x_wconf 64' lang='lat' dir='ltr'><strong>venationis,</strong></span> <span class='ocrx_word' id='word_1_177' title='bbox 690 3227 776 3298; x_wconf 87' lang='lat' dir='ltr'><strong>Non</strong></span> <span class='ocrx_word' id='word_1_178' title='bbox 789 3226 912 3298; x_wconf 86' lang='lat' dir='ltr'><strong>alitum</strong></span> <span class='ocrx_word' id='word_1_179' title='bbox 927 3250 1005 3298; x_wconf 86' lang='lat' dir='ltr'><strong>eam</strong></span> <span class='ocrx_word' id='word_1_180' title='bbox 1016 3227 1203 3302; x_wconf 78' lang='lat' dir='ltr'><strong>domuerit</strong></span> 
     </span>
     <span class='ocr_line' id='line_1_28' title="bbox 141 3321 1196 3419; baseline 0.005 -23"><span class='ocrx_word' id='word_1_181' title='bbox 141 3321 320 3397; x_wconf 86' lang='lat' dir='ltr'><strong>sunestum</strong></span> <span class='ocrx_word' id='word_1_182' title='bbox 339 3323 496 3407; x_wconf 85' lang='lat' dir='ltr'><strong>viscum,</strong></span> <span class='ocrx_word' id='word_1_183' title='bbox 530 3350 644 3418; x_wconf 91' lang='lat' dir='ltr'><strong>neque</strong></span> <span class='ocrx_word' id='word_1_184' title='bbox 669 3336 804 3396; x_wconf 72' lang='lat' dir='ltr'><strong>aeream</strong></span> <span class='ocrx_word' id='word_1_185' title='bbox 822 3328 943 3398; x_wconf 83' lang='lat' dir='ltr'><strong>cal&#39;arni</strong></span> <span class='ocrx_word' id='word_1_186' title='bbox 967 3346 1196 3419; x_wconf 68' lang='lat' dir='ltr'><strong>permeantes</strong></span> 
     </span>
     <span class='ocr_line' id='line_1_29' title="bbox 140 3421 1182 3520; baseline 0.005 -27"><span class='ocrx_word' id='word_1_187' title='bbox 140 3424 259 3514; x_wconf 73' lang='lat' dir='ltr'><strong>viem„</strong></span> <span class='ocrx_word' id='word_1_188' title='bbox 285 3421 342 3495; x_wconf 88' lang='lat' dir='ltr'><strong>sed</strong></span> <span class='ocrx_word' id='word_1_189' title='bbox 359 3427 440 3516; x_wconf 91' lang='lat' dir='ltr'><strong>equi</strong></span> <span class='ocrx_word' id='word_1_190' title='bbox 464 3422 629 3518; x_wconf 84' lang='lat' dir='ltr'><strong>canesque</strong></span> <span class='ocrx_word' id='word_1_191' title='bbox 650 3429 834 3518; x_wconf 87' lang='lat' dir='ltr'><strong>pernices,</strong></span> <span class='ocrx_word' id='word_1_192' title='bbox 862 3428 1040 3500; x_wconf 87' lang='lat' dir='ltr'><strong>&amp;occulti</strong></span> <span class='ocrx_word' id='word_1_193' title='bbox 1055 3429 1182 3520; x_wconf 84' lang='lat' dir='ltr'><strong>laquei.</strong></span> 
     </span>
     <span class='ocr_line' id='line_1_30' title="bbox 141 3523 1194 3618; baseline 0.003 -23"><span class='ocrx_word' id='word_1_194' title='bbox 141 3523 259 3617; x_wconf 88' lang='lat' dir='ltr'><strong>Hujus</strong></span> <span class='ocrx_word' id='word_1_195' title='bbox 277 3528 386 3618; x_wconf 86' lang='lat' dir='ltr'><strong>igitur</strong></span> <span class='ocrx_word' id='word_1_196' title='bbox 405 3527 609 3618; x_wconf 79' lang='lat' dir='ltr'><strong>magnitudo</strong></span> <span class='ocrx_word' id='word_1_197' title='bbox 627 3529 788 3598; x_wconf 86' lang='lat' dir='ltr'><strong>immanis</strong></span> <span class='ocrx_word' id='word_1_198' title='bbox 805 3525 878 3607; x_wconf 66' lang='lat' dir='ltr'><strong>est,</strong></span> <span class='ocrx_word' id='word_1_199' title='bbox 898 3542 940 3598; x_wconf 92' lang='lat' dir='ltr'><strong>ut</strong></span> <span class='ocrx_word' id='word_1_200' title='bbox 956 3525 1057 3618; x_wconf 80' lang='lat' dir='ltr'><strong>possit</strong></span> <span class='ocrx_word' id='word_1_201' title='bbox 1083 3524 1194 3598; x_wconf 83' lang='lat' dir='ltr'><strong>dorso</strong></span> 
     </span>
     <span class='ocr_line' id='line_1_31' title="bbox 139 3623 1193 3720; baseline -0.005 -24"><span class='ocrx_word' id='word_1_202' title='bbox 139 3623 207 3696; x_wconf 80' lang='lat' dir='ltr'><strong>leto</strong></span> <span class='ocrx_word' id='word_1_203' title='bbox 219 3625 350 3720; x_wconf 84' lang='lat' dir='ltr'><strong>gestare</strong></span> <span class='ocrx_word' id='word_1_204' title='bbox 359 3625 608 3697; x_wconf 87' lang='lat' dir='ltr'><strong>adolescentem</strong></span> <span class='ocrx_word' id='word_1_205' title='bbox 617 3643 783 3718; x_wconf 74' lang='lat' dir='ltr'><strong>puerum&#39;</strong></span> <span class='ocrx_word' id='word_1_206' title='bbox 801 3627 834 3694; x_wconf 70' lang='grc' dir='ltr'><strong>ἃ</strong></span> <span class='ocrx_word' id='word_1_207' title='bbox 855 3623 957 3718; x_wconf 88' lang='lat' dir='ltr'><strong>pedes</strong></span> <span class='ocrx_word' id='word_1_208' title='bbox 974 3630 1128 3716; x_wconf 87' lang='lat' dir='ltr'><strong>proceri,</strong></span> <span class='ocrx_word' id='word_1_209' title='bbox 1144 3623 1193 3697; x_wconf 82' lang='lat' dir='ltr'><strong>fi.</strong></span> 
     </span>
     <span class='ocr_line' id='line_1_32' title="bbox 139 3723 1194 3820; baseline 0.006 -27"><span class='ocrx_word' id='word_1_210' title='bbox 139 3725 238 3798; x_wconf 82' lang='lat' dir='ltr'><strong>miles</strong></span> <span class='ocrx_word' id='word_1_211' title='bbox 264 3728 379 3818; x_wconf 78' lang='lat' dir='ltr'><strong>pigris</strong></span> <span class='ocrx_word' id='word_1_212' title='bbox 391 3728 555 3808; x_wconf 81' lang='lat' dir='ltr'><strong>camelis,</strong></span> <span class='ocrx_word' id='word_1_213' title='bbox 582 3727 694 3796; x_wconf 81' lang='lat' dir='ltr'><strong>ueluti</strong></span> <span class='ocrx_word' id='word_1_214' title='bbox 720 3723 850 3798; x_wconf 82' lang='lat' dir='ltr'><strong>erebris</strong></span> <span class='ocrx_word' id='word_1_215' title='bbox 877 3723 1015 3796; x_wconf 70' lang='lat' dir='ltr'><strong>arduas</strong></span> <span class='ocrx_word' id='word_1_216' title='bbox 1036 3723 1194 3820; x_wconf 75' lang='lat' dir='ltr'><strong>squamis</strong></span> 
     </span>
     <span class='ocr_line' id='line_1_33' title="bbox 138 3822 1193 3920; baseline 0.003 -25"><span class='ocrx_word' id='word_1_217' title='bbox 138 3825 295 3917; x_wconf 83' lang='lat' dir='ltr'><strong>rigidum</strong></span> <span class='ocrx_word' id='word_1_218' title='bbox 310 3822 478 3917; x_wconf 91' lang='lat' dir='ltr'><strong>usquead</strong></span> <span class='ocrx_word' id='word_1_219' title='bbox 494 3826 623 3920; x_wconf 84' lang='lat' dir='ltr'><strong>duplex</strong></span> <span class='ocrx_word' id='word_1_220' title='bbox 641 3849 753 3918; x_wconf 82' lang='lat' dir='ltr'><strong>genu:</strong></span> <span class='ocrx_word' id='word_1_221' title='bbox 778 3824 846 3894; x_wconf 90' lang='lat' dir='ltr'><strong>alte</strong></span> <span class='ocrx_word' id='word_1_222' title='bbox 864 3842 979 3896; x_wconf 82' lang='lat' dir='ltr'><strong>eutem</strong></span> <span class='ocrx_word' id='word_1_223' title='bbox 1002 3827 1096 3898; x_wconf 88' lang='lat' dir='ltr'><strong>tollit</strong></span> <span class='ocrx_word' id='word_1_224' title='bbox 1111 3834 1193 3919; x_wconf 85' lang='lat' dir='ltr'><strong>par·</strong></span> 
     </span>
     <span class='ocr_line' id='line_1_34' title="bbox 137 3924 1194 4019; baseline 0.003 -24"><span class='ocrx_word' id='word_1_225' title='bbox 137 3944 224 3995; x_wconf 78' lang='lat' dir='ltr'><strong>vum</strong></span> <span class='ocrx_word' id='word_1_226' title='bbox 244 3924 392 4018; x_wconf 85' lang='lat' dir='ltr'><strong>quidem</strong></span> <span class='ocrx_word' id='word_1_227' title='bbox 412 3944 538 4018; x_wconf 73' lang='lat' dir='ltr'><strong>caput,</strong></span> <span class='ocrx_word' id='word_1_228' title='bbox 569 3949 731 4019; x_wconf 79' lang='lat' dir='ltr'><strong>magnum</strong></span> <span class='ocrx_word' id='word_1_229' title='bbox 759 3947 877 3996; x_wconf 78' lang='lat' dir='ltr'><strong>autem</strong></span> <span class='ocrx_word' id='word_1_230' title='bbox 902 3925 1046 4016; x_wconf 78' lang='lat' dir='ltr'><strong>prolixis</strong></span> <span class='ocrx_word' id='word_1_231' title='bbox 1077 3927 1194 3998; x_wconf 69' lang='lat' dir='ltr'><strong>obdu-</strong></span> 
     </span>
     <span class='ocr_line' id='line_1_35' title="bbox 137 4025 1187 4118; baseline 0.003 -24"><span class='ocrx_word' id='word_1_232' title='bbox 137 4025 231 4095; x_wconf 70' lang='lat' dir='ltr'><strong>dium</strong></span> <span class='ocrx_word' id='word_1_233' title='bbox 240 4028 322 4118; x_wconf 87' lang='lat' dir='ltr'><strong>pilis</strong></span> <span class='ocrx_word' id='word_1_234' title='bbox 334 4026 462 4098; x_wconf 88' lang='lat' dir='ltr'><strong>collum</strong></span> <span class='ocrx_word' id='word_1_235' title='bbox 477 4027 678 4102; x_wconf 88' lang='lat' dir='ltr'><strong>coeruleum.</strong></span> <span class='ocrx_word' id='word_1_236' title='bbox 698 4025 1187 4114; x_wconf 73' lang='lat' dir='ltr'><strong>Qtamvismultisinsteuetae</strong></span> 
     </span>
     <span class='ocr_line' id='line_1_36' title="bbox 134 4123 1188 4221; baseline -0.001 -24"><span class='ocrx_word' id='word_1_237' title='bbox 134 4123 478 4216; x_wconf 78' lang='lat' dir='ltr'><strong>plumismontamen</strong></span> <span class='ocrx_word' id='word_1_238' title='bbox 487 4129 573 4198; x_wconf 74' lang='lat' dir='ltr'><strong>aeris</strong></span> <span class='ocrx_word' id='word_1_239' title='bbox 583 4123 790 4198; x_wconf 86' lang='lat' dir='ltr'><strong>sublimibus</strong></span> <span class='ocrx_word' id='word_1_240' title='bbox 800 4129 960 4200; x_wconf 77' lang='lat' dir='ltr'><strong>innatant</strong></span> <span class='ocrx_word' id='word_1_241' title='bbox 968 4127 1188 4221; x_wconf 83' lang='lat' dir='ltr'><strong>viis‚v.erun-</strong></span> 
     </span>
     <span class='ocr_line' id='line_1_37' title="bbox 137 4221 1187 4318; baseline -0.008 -21"><span class='ocrx_word' id='word_1_242' title='bbox 137 4239 253 4297; x_wconf 80' lang='lat' dir='ltr'><strong>tamen</strong></span> <span class='ocrx_word' id='word_1_243' title='bbox 270 4226 313 4300; x_wconf 92' lang='lat' dir='ltr'><strong>ad</strong></span> <span class='ocrx_word' id='word_1_244' title='bbox 324 4226 533 4298; x_wconf 89' lang='lat' dir='ltr'><strong>currendum</strong></span> <span class='ocrx_word' id='word_1_245' title='bbox 545 4225 691 4318; x_wconf 84' lang='lat' dir='ltr'><strong>pedibus</strong></span> <span class='ocrx_word' id='word_1_246' title='bbox 705 4229 876 4318; x_wconf 71' lang='lat' dir='ltr'><strong>pernices,</strong></span> <span class='ocrx_word' id='word_1_247' title='bbox 887 4223 967 4318; x_wconf 83' lang='lat' dir='ltr'><strong>ipses</strong></span> <span class='ocrx_word' id='word_1_248' title='bbox 980 4221 1110 4295; x_wconf 87' lang='lat' dir='ltr'><strong>habent</strong></span> <span class='ocrx_word' id='word_1_249' title='bbox 1125 4247 1187 4316; x_wconf 53' lang='lat' dir='ltr'><strong>pas</strong></span> 
     </span>
     <span class='ocr_line' id='line_1_38' title="bbox 136 4325 1190 4419; baseline 0.002 -25"><span class='ocrx_word' id='word_1_250' title='bbox 136 4345 211 4394; x_wconf 79' lang='lat' dir='ltr'><strong>rem</strong></span> <span class='ocrx_word' id='word_1_251' title='bbox 228 4328 438 4404; x_wconf 83' lang='lat' dir='ltr'><strong>celeritatem</strong></span> <span class='ocrx_word' id='word_1_252' title='bbox 467 4327 604 4404; x_wconf 89' lang='lat' dir='ltr'><strong>avibus.</strong></span> <span class='ocrx_word' id='word_1_253' title='bbox 633 4349 747 4419; x_wconf 89' lang='lat' dir='ltr'><strong>neque</strong></span> <span class='ocrx_word' id='word_1_254' title='bbox 772 4351 856 4398; x_wconf 84' lang='lat' dir='ltr'><strong>vero</strong></span> <span class='ocrx_word' id='word_1_255' title='bbox 873 4329 949 4407; x_wconf 85' lang='lat' dir='ltr'><strong>eis,</strong></span> <span class='ocrx_word' id='word_1_256' title='bbox 974 4341 1015 4395; x_wconf 88' lang='lat' dir='ltr'><strong>ut</strong></span> <span class='ocrx_word' id='word_1_257' title='bbox 1041 4325 1190 4417; x_wconf 82' lang='lat' dir='ltr'><strong>reliquis</strong></span> 
     </span>
     <span class='ocr_line' id='line_1_39' title="bbox 135 4421 1279 4599; baseline 0.006 -105"><span class='ocrx_word' id='word_1_258' title='bbox 135 4423 266 4500; x_wconf 70' lang='lat' dir='ltr'><strong>serbus</strong></span> <span class='ocrx_word' id='word_1_259' title='bbox 280 4421 454 4504; x_wconf 76' lang='lat' dir='ltr'><strong>aseenfilis.</strong></span> <span class='ocrx_word' id='word_1_260' title='bbox 467 4425 693 4518; x_wconf 71' lang='lat' dir='ltr'><strong>concubitus,</strong></span> <span class='ocrx_word' id='word_1_261' title='bbox 705 4423 767 4500; x_wconf 81' lang='lat' dir='ltr'><strong>sed·</strong></span> <span class='ocrx_word' id='word_1_262' title='bbox 788 4422 917 4599; x_wconf 63' lang='lat' dir='ltr'><strong>aperiet</strong></span> <span class='ocrx_word' id='word_1_263' title='bbox 930 4445 972 4499; x_wconf 87' lang='lat' dir='ltr'><strong>ut</strong></span> <span class='ocrx_word' id='word_1_264' title='bbox 997 4425 1190 4515; x_wconf 58' lang='lat' dir='ltr'><strong>Bactriana</strong></span> <span class='ocrx_word' id='word_1_265' title='bbox 1277 4524 1279 4527; x_wconf 16' lang='grc' dir='ltr'>Ι</span> 
     </span>
    </p>
   </div>
   <div class='ocr_carea' id='block_1_4' title="bbox 0 0 1592 5434">
    <p class='ocr_par' dir='ltr' id='par_1_4' title="bbox 0 0 1592 5434">
     <span class='ocr_line' id='line_1_40' title="bbox 0 0 1592 5434; baseline 0 7"><span class='ocrx_word' id='word_1_266' title='bbox 0 0 1592 5434; x_wconf 95' lang='lat' dir='ltr'><strong> </strong></span> 
     </span>
    </p>
   </div>
  </div>
 </body>
</html>
