3175 5434
349 485 419 550 na
457 485 821 552 veniamur
864 490 1072 556 tm.1v.
1140 459 1228 581 247

92 676 95 684 .
176 612 244 686 His
270 615 366 684 enlm
382 639 475 686 eum
498 615 674 688 atrocibus
694 601 892 710 generibus‘
910 616 1113 714 pugnatur,
1152 630 1229 718 qui.

177 713 243 784 bus
270 713 356 786 deus
387 715 496 787 robur
513 717 642 787 indidit
673 717 902 790 &audaciam
927 719 1150 812 generosam,
1191 731 1226 801 δι

176 811 374 898 solertiam,
401 839 470 908 qua
491 839 556 887 nec
573 813 651 908 ipfis
680 819 833 890 multum
849 820 974 892 cedant
988 825 1228 900 venatoribus.

231 1043 289 1098 10.
317 1022 419 1097 Modi
437 1024 635 1100 multisunt
655 1029 843 1117 inclytae&
860 1030 1038 1105 laboriosae
1059 1038 1221 1109 venatio.

178 1125 235 1195 nis
262 1121 449 1196 secundum
473 1125 582 1209 feras,
621 1131 829 1200 &nationes
850 1181 861 1214 ,
887 1135 931 1204 ’ἃ
949 1133 1054 1205 lustra
1078 1140 1174 1207 varia
1192 1140 1235 1210 &¹

178 1222 326 1296 infinita.
380 1225 508 1317 Ecquis
529 1225 614 1297 vero
635 1230 752 1298 omnia
771 1244 845 1299 un'o
869 1237 1006 1323 pedore
1028 1236 1222 1328 compledii,

181 1327 214 1398 dc
239 1347 430 1394 memorare
449 1335 527 1417 apte
548 1331 684 1400 canoris
704 1330 916 1402 carminibus
936 1330 1072 1425 possit?
1105 1344 1225 1428 ecquis

179 1447 263 1496 vero
281 1427 397 1496 omnia
416 1426 554 1508 videre,
586 1431 663 1518 quis
681 1445 736 1500 tot
755 1451 809 1500 res
824 1426 924 1502 simul
949 1437 1109 1505 contueri
1122 1435 1224 1526 poffit

176 1523 285 1596 homo
303 1523 436 1596 natus?
476 1526 540 1598 soli
567 1531 660 1598 enim
689 1528 746 1598 dei
771 1525 871 1600 facile
903 1535 1023 1605 omnia
1059 1553 1221 1609 cernunt.

175 1627 250 1717 Ego
272 1647 356 1696 vero
375 1623 505 1709 dicam,
525 1649 602 1719 qua:
624 1631 709 1700 meis
735 1627 810 1699 vidi
828 1631 962 1720 oculis,
996 1637 1223 1707 venationem

174 1723 388 1816 splendidam
408 1723 533 1799 obiens
551 1729 591 1796 in
619 1724 749 1818 sylvis,
768 1743 916 1822 quaeque
943 1756 988 1802 ex
1014 1729 1220 1806 hominibus

176 1823 306 1922 didici,
332 1823 537 1917 quibus-illa
552 1849 643 1898 curae
658 1824 762 1910 sunt,
793 1829 915 1900 callida
932 1834 1038 1903 variae
1056 1836 1090 1906 dc
1116 1859 1223 1905 amne.

175 1947 230 1994 11ae
257 1924 417 2014 mysteria
435 1927 544 1997 artie:
570 1930 712 2020 cupiens
737 1926 801 1998 ista
828 1933 946 2002 omnia
973 1933 1093 2004 Severi
1120 1936 1222 2021 Jovis

176 2022 403 2097 filiocanere:
427 2027 784 2106 tuvero,veneranda
799 2027 881 2111 dea,
909 2031 1223 2104 dominavenatio-

172 2127 251 2205 nis,
272 2126 420 2217 propitia
433 2125 613 2197 velocibus
623 2130 856 2220 imperatoriis
869 2128 942 2202 haec
951 2151 1143 2202 memorato
1160 2123 1225 2206 mr-

170 2224 285 2314 ribus,
299 2244 340 2294 ut
355 2243 498 2297 tuorum
511 2249 657 2318 operum
675 2227 817 2299 edodlu's
828 2226 1042 2323 disciplinam
1061 2257 1220 2324 omnem,

170 2320 261 2397 feras
274 2323 487 2416 interficiat,
510 2322 594 2398 felix
611 2331 740 2420 pariter
754 2352 866 2400 manu
885 2335 918 2402 d
935 2331 1053 2403 cantu.

219 2555 283 2628 25.
312 2538 365 2611 Ex
381 2535 466 2610 feris*
481 2537 639 2632 quaedam
656 2536 739 2613 sunt
750 2539 962 2632 prudentes,
984 2542 1135 2626 callidae,
1156 2569 1219 2618 ve.

167 2661 247 2711 rum
270 2663 416 2731 corpore
433 2662 569 2731 parvae:
592 2644 667 2712 aliae
684 2659 804 2712 contra
821 2638 956 2722 fortes,
978 2639 1114 2714 solertia
1124 2669 1211 2718 vero

168 2743 278 2810 animi
300 2728 481 2810 imbelles:
504 2742 579 2812 aliae
597 2759 713 2813 autem
729 2743 860 2830 pariter*
882 2743 916 2811 &
935 2742 1038 2813 corde
1055 2743 1185 2816 timidae
1196 2805 1219 2839 ,‚

168 2839 388 2912 &membris
419 2837 497 2912 sunt
522 2839 675 2920 debiles,
706 2863 831 2910 verum
859 2839 1006 2932 pedibus
1028 2846 1210 2934 pernices:

166 2937 376 3034 quibusdam
395 2963 483 3012 vero·
498 2937 583 3011 deus
602 2942 747 3034 largitus
761 2939 809 3011 est
834 2944 952 3012 omnia
969 2938 1081 3026 fimul,
1097 2942 1216 3015 conii.

102 3059 104 3062 ·
165 3043 253 3123 lium
270 3039 444 3121 astutum,
470 3039 603 3112 validas·
620 3047 734 3122 vitea,
758 3040 893 3112 velocia
911 3066 1036 3134 genua.
1075 3044 1214 3116 Intelli.

164 3158 257 3236 gunt
282 3157 399 3212 autem
426 3163 576 3233 quaeque
596 3137 667 3214 suae·
688 3158 822 3211 naturae
855 3143 1015 3232 praeclara
1043 3167 1234 3239 munera„

162 3241 226 3314 ubi
249 3245 286 3314 δε
305 3240 457 3322 debileS,
480 3241 591 3316 &ubi
610 3238 678 3314 fine
699 3243 832 3315 noxiae',
880 3243 964 3320 Non
984 3266 1107 3316 cervus
1135 3269 1222 3317 eor-v.

161 3342 269 3414 nibus
302 3341 349 3411 est
371 3341 507 3421 audax,
541 3337 600 3412 sed
619 3341 789 3416 cornibus·
811 3357 959 3412 taurus:
1000 3367 1076 3414 non
1111 3345 1211 3418 malis

83 3428 85 3437 ’
162 3467 253 3536 oryx
269 3437 401 3523 fortis,
432 3441 533 3512 malis
553 3443 697 3525 leones:
728 3466 804 3512 non
830 3441 979 3531 pedibus
1004 3441 1222 3522 rhinoceron

162 3541 338 3620 confidet,
366 3542 468 3633 pedes
492 3561 586 3612 arma
603 3543 781 3633 leporum:
810 3538 979 3630 panthera
989 3547 1092 3613 novit
1103 3562 1210 3613 teter-

160 3646 251 3715 rima
276 3663 446 3713 manuum
463 3637 637 3712 funestum
668 3659 870 3718 venenum,
906 3645 939 3712 &
958 3641 1082 3731 ¹robur
1109 3663 1212 3716 atrox

161 3747 243 3815 ovis*
263 3764 430 3832 magnum
452 3735 558 3812 saxeae
576 3739 727 3822 frontis,
750 3743 785 3813 ἃ
803 3763 885 3833 aper
902 3743 996 3814 vires
1013 3745 1116 3817 novit
1134 3743 1215 3818 suo-

159 3865 241 3916 rum
257 3845 433 3915 immanes,
446 3841 620 3920 dentium.

83 4124 89 4131 ι
212 4060 274 4130 39.
307 4043 397 4128 Qua
412 4041 524 4134 igitur·
537 4035 621 4112 sunt
633 4037 861 4111 venatoribus
870 4037 1049 4110 atrocibus
1060 4030 1213 4107 seorsum

156 4144 196 4215 in
207 4137 489 4232 scopulisartes,
509 4139 920 4232 fallaciaeque,d1stinoas
937 4134 1213 4209 memorabimus:

155 4243 418 4328 venenationes·
432 4243 472 4312 in
492 4263 704 4333 unaquaque·
726 4237 814 4311 fera.
856 4237 1069 4309 Communia
1094 4250 1213 4310 autem

156 4336 365 4432 quaesunt,
388 4343 568 4412 communi
597 4341 760 4411 dicentur
790 4341 956 4410 carmine.
997 4337 1216 4406 Communes

154 4460 273 4536 egitur:
288 4443 496 4516 venationes
512 4437 678 4532 caffium,
690 4494 693 4504 .
706 4461 914 4514 communes
928 4435 1085 4532 pedicae,
1120 4459 1221 4510 com-
