3175 5434
432 549 514 635 304
770 541 1119 626 orrrrur

382 722 392 747 t
479 694 565 772 242.
595 673 640 750 llt
653 696 736 748 vero
753 675 841 770 galei
860 697 980 762 canes,
1006 677 1236 768 &nigrorum
1257 671 1474 767 centropho

430 799 553 852 rorum
570 799 678 872 genus
700 799 815 850 amore
833 777 865 848 a
885 773 1022 863 studio,
1046 799 1117 868 quo
1141 771 1204 846 fibi
1219 777 1389 848 invicem
1407 774 1474 848 suc-

429 900 566 952 currere
582 875 736 958 student,
752 891 907 969 pereunt.
934 869 1083 948 Piscator
1100 873 1217 946 album
1235 872 1372 968 piscem
1388 874 1473 970 (spi.

427 1003 474 1052 na
495 974 586 1068 dorfi
606 977 748 1070 exserta,
775 975 872 1046 addit
886 971 1066 1048 AEtrauue
1083 973 1111 1046 1.
1129 973 1204 1066 55.)
1229 971 1343 1045 hamo
1365 976 1474 1070 illigat

430 1079 466 1150 dr
481 1078 520 1147 in
539 1078 642 1147 maris
661 1073 901 1167 profundunt,
941 1071 1005 1144 ubi
1032 1097 1170 1144 coenum
1193 1073 1236 1144 ad
1270 1075 1473 1148 inultorum
1505 1133 1506 1136 ,

426 1171 582 1270 passuum
595 1174 814 1248 altitudinem
825 1168 992 1256 subruet,
1008 1172 1168 1245 demittit.
1182 1195 1298 1246 unum
1317 1176 1473 1268 aliquem
1505 1231 1506 1248 t

427 1295 567 1368 captum
578 1278 683 1348 ceteri
696 1297 819 1347 omnes
836 1272 947 1346 statim
959 1287 1029 1362 tarn
1048 1271 1147 1346 avide
1167 1269 1416 1366 insequuntur
1436 1276 1473 1347 ad

428 1379 550 1449 navim
567 1371 694 1469 usque,
713 1370 785 1448 *ceu
801 1369 1074 1446 simulvolentes
1090 1373 1220 1467 perire:
1240 1395 1310 1444 nec
1324 1392 1414 1447 ante
1427 1374 1473 1448 lu-

428 1479 554 1570 giunt,
580 1498 684 1568 quarn
698 1471 829 1546 socium
849 1477 1038 1546 extradlum
1063 1473 1227 1549 viderint.
1254 1476 1389 1562 Quare
1406 1501 1472 1548 ma.
1506 1499 1507 1512 κ

425 1599 516 1669 gnus
530 1599 655 1648 eorum
673 1597 841 1648 numerus
855 1575 979 1667 partim
996 1575 1063 1646 reti
1079 1571 1278 1665 (hypocha)
1296 1573 1467 1664 conclus,

423 1678 552 1770 partim
577 1675 727 1748 tridente
750 1670 875 1757 saucii,
901 1675 1024 1765 partim
1045 1676 1121 1752 aliis
1141 1673 1276 1765 decepti
1297 1672 1397 1746 dolis
1422 1675 1469 1748 ca-

423 1776 581 1871 piuntur.
618 1777 673 1848 Sic
692 1791 849 1870 parentes
878 1769 944 1846 filii
969 1775 1065 1848 unici
1089 1770 1195 1846 funus
1219 1774 1262 1844 ad
1287 1777 1467 1848 tumulum

426 1874 557 1976 elatum
577 1892 762 1959 maerentes
779 1875 1010 1957 comitantur,
1040 1876 1071 1946 dt
1089 1870 1243 1965 sepulcro
1259 1873 1378 1946 veluti
1395 1873 1466 1946 infi-

423 1977 463 2048 xi
478 1974 647 2049 haerentes
669 1999 738 2048 una
757 1997 838 2046 cum
852 1971 925 2046 filio
947 1975 1058 2064 mori,
1083 1997 1187 2067 quam
1200 1972 1353 2046 domum
1371 1975 1465 2048 here·

423 2073 469 2146 de
486 2097 630 2148 vacuam
649 2077 778 2151 reverti
797 2072 943 2171 malunt.

476 2297 563 2378 264.
590 2286 660 2359 Alii
679 2287 867 2379 peregrinis
883 2283 1059 2358 amoribus
1080 2307 1098 2356 a
1116 2281 1322 2379 genere-suo
1342 2285 1386 2356 in
1401 2302 1461 2356 ter·
1507 2323 1508 2332 κ

425 2407 503 2458 ram
527 2386 777 2468 abducuntur,
814 2385 924 2458 veluti
948 2387 1067 2478 polypi
1092 2388 1124 2458 dr
1147 2383 1329 2481 sargorum
1350 2389 1462 2478 petris
1507 2443 1508 2488 ᾗ

424 2490 577 2560 amicum
604 2510 735 2580 genus,
758 2507 907 2578 quorum
927 2483 979 2556 illi
995 2485 1038 2556 ad
1060 2484 1151 2560 oleas
1168 2509 1275 2582 prope
1301 2487 1393 2558 litus
1409 2510 1461 2558 na-
1507 2563 1508 2568 ,

424 2581 576 2670 scentes,
615 2585 722 2659 odore
750 2581 947 2667 consecuti,
986 2609 1048 2657 ceu
1068 2609 1167 2658 canes
1183 2584 1338 2680 sagaces,
1375 2611 1461 2659 acce-

423 2684 522 2760 dunt
575 2688 710 2761 Mirum
722 2683 792 2774 est,
806 2683 1001 2778 aquaticum
1019 2709 1126 2779 genus
1140 2685 1309 2759 desiderio
1326 2687 1459 2760 arboris

421 2785 524 2861 trabi.
571 2785 645 2862 Ubi
663 2789 757 2860 enim
773 2786 884 2858 oleam
903 2787 989 2869 mari
1009 2789 1160 2859 vicinam
1182 2789 1383 2880 perceperit
1406 2813 1461 2882 po-

419 2887 545 2978 lypus,
582 2885 694 2960 statim
713 2889 752 2958 in
775 2899 900 2957 terram
925 2882 1090 2979 egressus,
1118 2890 1269 2980 primurn
1290 2889 1386 2959 circa
1410 2911 1460 2960 ra.

418 2986 514 3057 dices
532 2988 565 3057 dr
586 3001 750 3060 tmncum
769 2985 969 3066 volutatur,
998 2982 1118 3058 similis
1136 3013 1262 3080 puero,
1294 2989 1361 3081 qui
1380 3013 1458 3082 pro.

419 3081 525 3160 tensis
550 3083 711 3158 manibus
739 3083 783 3158 ad
809 3084 1027 3178 complexum
1056 3090 1202 3162 nutricis
1238 3088 1458 3161 advenientis
1508 3113 1509 3118 ¹

421 3201 602 3277 properat:
641 3184 766 3258 deinde
783 3184 887 3256 altius
906 3187 1003 3256 cirris
1022 3181 1091 3257 suis
1115 3191 1259 3272 enixus,
1286 3212 1409 3262 ramos
1430 3193 1459 3261 dr

421 3281 564 3359 frondes
573 3285 735 3378 implicat,
751 3285 859 3357 aliurn
868 3307 909 3355 ex
920 3287 987 3356 alio
999 3286 1097 3358 velut
1108 3284 1289 3368 osculatus,
1300 3308 1409 3382 atque
1417 3283 1459 3360 ita

420 3404 563 3456 omnem
583 3384 693 3456 oleam
713 3386 825 3456 veluti
848 3381 974 3456 hedera
1000 3403 1179 3478 perreptat.
1215 3389 1380 3462 Tandem
1401 3387 1460 3461 ubi

421 3484 579 3556 animum
596 3481 697 3556 suum
715 3482 884 3556 desiderio
902 3487 934 3556 dr
953 3507 1069 3557 amore
1089 3486 1266 3582 oleagineo
1284 3487 1457 3561 exsartua.

419 3584 534 3667 verit,
567 3581 741 3659 descendit
759 3589 791 3658 dr
808 3586 847 3654 in
863 3606 956 3656 mare
975 3589 1175 3665 revertitur.
1216 3588 1456 3679 Quamobrem

328 3755 334 3772 ,
415 3679 599 3779 piscatores
625 3689 757 3780 regetis
786 3683 889 3755 olivae
916 3683 1129 3778 germinibus
1150 3688 1323 3783 colligatis
1347 3693 1387 3760 in
1413 3686 1456 3760 sa-

402 3778 526 3875 lsam,
557 3785 739 3878 plumbum
761 3786 801 3856 in
825 3780 978 3855 medium
1005 3783 1156 3872 indunt,
1194 3791 1227 3860 dr
1252 3811 1277 3858 a·
1296 3790 1456 3862 navicula

416 3881 589 3976 trabunt:
621 3907 725 3979 quem
740 3882 853 3954 Mum
872 3882 1051 3976 amplexus
1069 3885 1194 3980 aliquis
1217 3889 1372 3981 polypus
1392 3887 1454 3962 hae-

418 3999 492 4068 tet,
512 4007 627 4080 neque
646 3985 814 4066 remittit,
839 4006 883 4056 ne
900 3985 939 4054 in
955 3986 1073 4058 navim
1087 3987 1227 4080 quidem
1245 3994 1446 4082 pertractus.

465 4200 550 4284 308.
589 4193 684 4288 Sargi
707 4206 885 4287 tantopere
916 4217 1031 4289 capras
1052 4210 1192 4278 amant,
1227 4209 1371 4268 utrum
1389 4194 1453 4268 ille

415 4317 437 4368 a
451 4291 644 4386 pastoribus
662 4295 703 4366 in
723 4297 857 4389 magnis
872 4293 1008 4368 aestibus
1030 4295 1073 4369 ad
1090 4296 1213 4378 litora,
1243 4291 1308 4385 ubi
1323 4295 1450 4378 lavent,

417 4409 593 4484 aguntur,
607 4391 693 4488 sargi
705 4419 789 4467 mox
806 4394 928 4484 audite
946 4396 1082 4486 balatu,
1103 4391 1252 4472 conserti
1264 4411 1451 4486 quantum·

382 4601 387 4608 Ι
417 4493 474 4564 vn
489 4494 573 4568 alias
585 4493 674 4570 tardi
685 4515 932 4595 approperent,
951 4522 991 4576 ae
1009 4491 1288 4576 circumsidentes
1300 4492 1448 4666 mirilpicq
1508 4581 1509 4608 Γ

989 4647 991 4652 .
1328 4617 1395 4690 gau
1421 4615 1446 4668 o
1508 4617 1509 4690 j
