3175 5434
391 487 476 649 aia
728 561 1072 626 oarrrar

393 697 463 768 reis
482 692 584 780 duci,
608 691 733 786 aliique
753 691 936 772 Thebani,
962 707 998 762 at
1019 690 1123 764 deum
1142 691 1237 764 nulla
1257 678 1425 764 tenebant
1510 665 1513 776 l

393 797 543 867 vincula.
571 791 710 864 bacchae
721 815 805 863 vero
818 789 1122 864 consternebantur
1135 793 1277 871 animis,
1290 789 1427 882 ornares·
1511 781 1513 842 i

395 919 463 988 que
486 896 524 964 in
549 910 676 969 terram
695 891 924 984 projiciebant
952 889 993 960 de
1014 889 1227 984 temporibus
1250 915 1426 974 coronas,
1458 937 1462 946 ι
1511 923 1513 998 3

396 997 430 1067 dt
445 989 581 1082 thyrsos
602 1015 645 1062 ex
662 991 842 1073 manibus,
878 994 909 1061 δι
929 994 1061 1062 ουιιέὶίε
1088 991 1273 1062 manabant
1287 995 1428 1078 ,evanti-

399 1093 467 1165 bus
492 1093 639 1163 lacrimae
667 1117 709 1163 ex
738 1094 847 1184 genis.
882 1091 1004 1162 Statim
1026 1107 1139 1160 autem
1164 1091 1441 1174 exclamarunt‚·
1512 1155 1513 1160 ,

1511 607 1513 658 l

397 1193 439 1265 Io
460 1194 494 1264 3.
527 1191 646 1272 beate,
698 1188 891 1272 ollacehe‚
938 1187 1083 1260 accende
1109 1187 1265 1262 fulminis
1291 1194 1428 1280 paterni
1512 1191 1513 1206 ¹

397 1295 533 1388 ignem,
560 1306 705 1362 concute
723 1308 867 1370 terram,
890 1293 1068 1380 atrocique
1086 1293 1198 1383 irroga
1215 1314 1353 1382 poenam
1374 1315 1428 1362 ce-

195 1401 198 1409 '
292 1471 295 1474 ,
397 1395 516 1464 leriter
531 1406 692 1482 tyranno.
720 1389 785 1462 Fae
797 1386 1017 1467 utPentheus
1035 1391 1072 1458 in
1087 1408 1222 1460 taunim
1243 1386 1428 1470 infandum
1511 1453 1513 1468 ,

396 1508 551 1566 mutatus
567 1514 626 1580 per
651 1491 823 1589 montium
843 1489 924 1581 juga
946 1505 1057 1570 erret,
1090 1514 1155 1560 nos
1175 1491 1317 1560 veroin
1339 1487 1428 1562 seras
1510 1477 1513 1604 l

396 1592 599 1664 crudivoras
612 1587 696 1660 diris
712 1607 856 1660 armatas
874 1586 1051 1682 unguibus
1067 1587 1186 1678 versae,
1212 1589 1426 1672 Pentheum,
1511 1605 1513 1650 l

400 1717 423 1764 o
440 1688 593 1770 Bacche,
619 1713 680 1760 ore
696 1685 934 1781 discerpamus.
972 1691 1026 1760 Sic
1040 1685 1117 1759 fatae
1130 1686 1210 1760 sunt
1226 1709 1428 1782 precantes:

398 1793 469 1865 cito
492 1810 608 1862 autem
625 1789 736 1862 audiit
747 1785 852 1880 Nysae
870 1813 950 1870 rex,
976 1787 1209 1860 &Pentheum
1229 1789 1370 1882 quidem
1389 1793 1428 1860 in
1512 1791 1513 1856 3

313 1891 316 1903 '
399 1910 539 1964 taurum
553 1891 680 1974 vertit,
695 1891 933 1962 truculentum
950 1889 1081 1970 oeulis,
1099 1891 1338 1980 cervicemque
1353 1913 1431 1982 por7

397 1994 506 2071 rexit,
533 1992 692 2060 &cornu
716 1991 826 2060 erexit
849 2014 891 2060 cx
910 1985 1046 2069 fronte,
1073 1987 1212 2060 Bacchis
1231 2013 1315 2058 vero
1335 1991 1429 2081 glou,

402 2116 473 2162 cam
491 2087 571 2160 serae
589 2089 704 2159 induit
721 2085 884 2179 speciem,
913 2093 945 2160 &
964 2087 1067 2159 malas
1081 2092 1246 2179 armavit,
1277 2092 1429 2159 notavit-
1512 2095 1513 2170 l

401 2214 469 2283 que
496 2191 534 2258 in
560 2185 660 2258 dorso
688 2190 809 2281 pellem
835 2191 972 2280 pomis,
1012 2190 1043 2260 &
1070 2188 1156 2260 sava
1180 2186 1261 2259 feeit
1289 2212 1426 2280 genera.
1512 2201 1513 2212 ²

400 2291 473 2362 Illae
488 2307 603 2360 autem
622 2290 689 2360 Dei
703 2284 846 2360 nhmine
869 2288 1001 2360 mutato
1019 2312 1162 2380 corpore
1181 2285 1328 2380 pulchro
1348 2311 1430 2378 pan·

400 2387 508 2462 thera'e
524 2385 715 2460 Pentheum
729 2391 767 2460 in
783 2389 928 2480 rupibus
948 2387 1168 2461 dilaniarunt.
1190 2389 1289 2460 Talia
1304 2384 1431 2462 scilicet

401 2510 589 2575 canamus,
616 2489 696 2558 talia
718 2491 842 2564 animis
865 2487 1062 2570 credamus,
1097 2513 1173 2582 quae
1191 2512 1274 2560 voro
1303 2486 1430 2559 Cithae·
1512 2521 1513 2524 ¹

399 2591 498 2660 tonis
514 2592 554 2659 in
571 2587 670 2659 clivis
689 2585 842 2660 facinora
858 2589 1068 2676 mulierum,¹
1102 2611 1162 2662 aut
1177 2586 1335 2660 infandas
1354 2589 1430 2662 illas
1512 2629 1513 2662 1

401 2691 527 2762 alienas
544 2713 563 2760 a
582 2686 715 2760 Baccho
734 2706 929 2762 memorant
949 2706 1093 2770 matres,
1130 2691 1235 2782 impie
1254 2690 1431 2760 mentiun.

399 2810 458 2864 tur
474 2800 594 2884 poetae.

451 3015 533 3085 320.
562 2994 720 3069 Venator
743 3013 859 3068 autem
883 2998 1008 3090 aliquis
1031 2995 1077 3071 sic
1096 2997 1215 3070 dolum
1231 3023 1310 3070 cum
1330 2993 1432 3070 sociis

402 3099 478 3170 aliis
496 3098 580 3170 feris
599 3098 676 3168 vini
703 3095 898 3168 amantibus
916 3098 1055 3172 instruit
1074 3099 1272 3192 pantheris:
1299 3094 1435 3169 sontem
1512 3095 1513 3114 ²

401 3198 567 3288 eligentes
593 3195 715 3268 Africae
737 3199 774 3266 in
795 3193 963 3268 siticulosa
986 3220 1094 3286 terra,
1125 3203 1257 3291 quique
1288 3205 1434 3290 exiguus
1512 3205 1513 3294 ff

400 3296 547 3368 multam
566 3293 778 3369 ficciffimum
803 3321 863 3388 per
882 3302 1028 3369 trallum
1048 3297 1232 3388 improvise
1255 3295 1436 3370 obscuram
1512 3313 1513 3352 ³

400 3395 506 3469 stillat
522 3400 655 3488 nigram
675 3419 820 3488 aquam,
855 3421 968 3488 neque
985 3398 1086 3492 longe
1108 3397 1332 3490 profunditur
1356 3423 1438 3470 cum

402 3521 611 3578 murmure,
643 3492 698 3566 sed
730 3519 895 3587 perquam
920 3499 1067 3596 maligne
1091 3516 1239 3580 inanit,
1281 3494 1436 3588 resesquc

401 3617 546 3680 manet,
586 3597 674 3669 &in
690 3620 829 3667 arenam
857 3597 1028 3672 conditur.
1068 3597 1168 3670 Illinc
1190 3595 1437 3690 pantherarum

402 3721 512 3790 genus
539 3701 689 3768 immane
711 3698 808 3767 vadit
832 3697 985 3768 interdiu
999 3725 1010 3777 ς
1042 3699 1092 3768 illi
1123 3723 1205 3770 vero
1229 3700 1311 3768 ilico
1329 3704 1437 3770 nostu

401 3794 549 3888 profem
572 3814 754 3868 venatores
775 3795 892 3867 serunt
912 3799 1040 3888 viginti
1057 3796 1238 3890 amphoras
1264 3800 1341 3868 vini
1364 3796 1440 3870 sua·
1506 3823 1513 3833 ·

403 3900 482 3978 vis,
512 3897 606 3988 quod
621 3894 781 3967 undecim
796 3895 923 3966 abhinc
941 3899 1040 3968 annis
1053 3900 1240 3970 calcaverat
1256 3901 1439 3971 vinearum

402 3996 529 4091 aliquis
547 3997 684 4076 cultor,
713 3999 745 4067 &
767 4019 869 4090 aquae
888 3993 1080 4068 immiscent
1100 3995 1202 4069 sasave
1226 3997 1379 4080 vinum,
1409 4001 1440 4070 dv

400 4101 522 4170 relicto
536 4095 632 4170 sonte
646 4095 776 4177 rubro,
797 4119 871 4166 non
891 4096 993 4188 longe
1012 4096 1157 4180 cubant,
1185 4094 1303 4169 sedulo
1322 4117 1442 4191 tegens
1512 4107 1513 4110 ’

307 4268 309 4271 ,
400 4215 452 4270 tes
470 4221 594 4290 eorpus
612 4194 793 4277 validum,
821 4213 882 4268 aut
900 4190 1076 4290 stragulis,
1103 4193 1257 4288 autipfis
1282 4199 1439 4286 retibus,

405 4301 569 4391 quoniam
578 4299 832 4388 operimentum
843 4293 1124 4389 nullumpolsunt
1135 4300 1306 4390 reperire,
1328 4321 1442 4392 neque

353 4482 357 4495 l
397 4422 421 4467 e
439 4397 641 4489 lapidibus,
675 4418 789 4488 neque
807 4391 977 4468 srondosrs
992 4396 1189 4470 arboribus.
1230 4397 1324 4470 Tota
1348 4401 1442 4470 enirn

384 4499 593 4592 porrigitur
621 4492 786 4584 arenosa,
820 4499 853 4570 ἃ
881 4495 1065 4574 arboribus
1093 4519 1212 4574 carens
1228 4500 1340 4593 regio.
1376 4501 1441 4575 Eas
1512 4579 1513 4598 p
