3175 5434
337 489 504 585 ,276
759 493 1109 561 orrrtnt
1198 471 1200 479 '

468 647 552 720 742.
585 625 716 702 Eodem
730 621 802 700 fere
820 624 927 698 modo
944 621 1102 718 squatina
1121 625 1256 699 catulos
1274 623 1357 702 suos
1375 653 1466 720 pro·

417 734 525 822 tegit;
550 750 672 800 verum
691 751 764 798 non
785 730 999 798 inventrem
1020 750 1079 796 eos
1096 728 1240 818 recipit,
1267 749 1309 800 ut
1327 753 1447 810 canes,

416 825 475 900 sed
493 832 532 902 in
549 821 910 906 hiatueseusciffuros‚
938 848 1022 918 quas
1039 821 1101 895 sub
1118 828 1233 916 pinnis
1246 829 1287 898 in
1299 844 1450 922 utroque

416 927 523 1000 latere
548 928 765 1019 reliquorum
781 922 926 1017 piscium
951 925 1006 995 ori
1031 920 1157 997 ssmiles
1177 923 1307 1010 habet,
1345 926 1448 1000 foetus

413 1045 611 1101 metuentes
627 1027 788 1096 occultat.
815 1024 890 1110 Alit,
901 1024 1034 1115 prolem
1051 1027 1231 1097 timentem
1244 1029 1284 1098 in
1302 1052 1343 1100 os
1363 1031 1447 1098 reci-

415 1129 538 1218 piunt,
561 1123 853 1219 quemadmodum
869 1120 1012 1216 glaucus
1031 1125 1047 1212 (
1055 1121 1215 1220 galeas),
1242 1128 1304 1218 qui
1331 1129 1448 1218 ovipa-

414 1248 537 1300 torum
560 1222 703 1318 piscium
730 1225 890 1296 omnium
909 1224 1057 1294 maxime
1083 1220 1187 1310 foetus
1211 1221 1290 1297 suos
1312 1225 1440 1321 diligit.

411 1327 485 1401 Hic
503 1323 640 1396 feminee
656 1320 793 1412 allidet,
827 1321 939 1392 donee
953 1318 1058 1394 foetus
1079 1347 1150 1394 ovo
1171 1326 1346 1416 eruperit3
1373 1351 1447 1399 tum
1486 1341 1490 1409 ζ

415 1450 476 1498 eos
504 1425 633 1517 ubique
652 1448 674 1496 a
690 1425 796 1494 latere.
816 1421 1022 1504 comitatur,
1059 1425 1090 1494 de
1116 1420 1140 1492 fi
1163 1419 1254 1495 forte
1277 1425 1446 1516 majorem

415 1529 578 1596 timentes
599 1519 724 1616 piscem
744 1519 894 1602 viderit,
922 1543 981 1592 ore
996 1539 1113 1612 operto
1128 1521 1302 1594 admittit:
1320 1524 1443 1596 deinde

412 1629 539 1698 timore
555 1627 748 1717 praeterito,
781 1645 825 1694 ex
840 1617 998 1694 faucibus
1014 1623 1178 1692 revomit
1504 1637 1505 1644 ¹

466 1834 547 1926 7‘56.
575 1832 737 1925 Thyrino
748 1829 877 1904 femine
893 1833 1030 1904 nullum
1041 1829 1139 1906 facile
1150 1833 1337 1927 implorem
1350 1859 1441 1928 repe·
1504 1911 1505 1916 ,

411 1937 482 2010 rias
492 1931 628 2026 piscem.
654 1929 727 2026 Ipsa
743 1934 836 2003 enim
853 1933 919 2003 oue
930 1930 1006 2012 sua,
1026 1950 1200 2026 quotquot
1214 1932 1361 2007 allecuta
1372 1933 1439 2008 fue:

412 2034 482 2117 rit,
506 2033 606 2105 avide
630 2032 774 2103 devoret
797 2034 923 2124 impia,
948 2029 1138 2125 foetumque
1156 2030 1259 2106 suum
1274 2033 1368 2128 fugae
1385 2035 1438 2108 ad

410 2131 482 2206 huo
496 2130 651 2206 nescium
668 2134 719 2204 ite
734 2129 920 2206 crudeliter
939 2129 1105 2206 interficit
1118 2138 1131 2204 ἔ.

463 2356 548 2440 762·
583 2344 708 2420 Ostrea
721 2368 842 2438 neque
854 2347 951 2420 coitu
973 2369 1089 2438 neque·
1103 2359 1242 2439 petente
1259 2371 1437 2439 procreen-

409 2461 493 2528 tur,
518 2472 557 2520 ac
572 2448 739 2518 nimirum
758 2450 875 2519 omnia
891 2470 934 2518 ex
956 2470 1055 2518 coeno
1073 2443 1269 2520 naseuntur.
1298 2450 1438 2522 illorum
1504 2449 1505 2456 ’

410 2549 506 2618 enim
521 2570 633 2637 neque
646 2543 776 2618 femina
792 2569 905 2639 neque
921 2569 992 2616 mas
1008 2546 1185 2618 distinctus
1202 2545 1271 2627 est,
1282 2544 1342 2620 sed
1357 2547 1438 2640 ejus-
1504 2575 1505 2578 ¹

410 2646 491 2720 dem
506 2667 637 2719 naturae
654 2643 751 2728 sunt,
775 2664 879 2738 utque
896 2645 980 2718 adeo
996 2647 1087 2718 inter
1103 2643 1135 2716 se
1151 2642 1290 2736 similia,
1312 2667 1436 2722 utnon

287 2743 291 2764 '
407 2744 540 2820 marem
557 2771 577 2819 a
594 2742 723 2818 femina
740 2742 973 2818 internoscere
991 2743 1106 2838 pollis..
1129 2746 1229 2818 Ite&
1243 2770 1363 2838 epure,
1379 2753 1437 2820 im·
1503 2807 1504 2812 ,

408 2846 500 2918 belle
518 2871 646 2940 genus,
665 2844 786 2939 sponte
799 2842 868 2916 fine
882 2847 978 2917 coitu
993 2843 1189 2918 nascuntur.
1231 2847 1327 2918 Cum
1346 2853 1437 2920 enim

406 2948 619 3038 marelergis
637 2941 783 3036 profusis
805 2944 976 3018 imbribus
1001 2943 1172 3017 tumidum
1189 2942 1347 3038 spumet.
1372 2951 1437 3022 illae
1503 2945 1504 3015 ξ

294 3110 298 3121 .
410 3043 554 3118 obscura
571 3046 704 3135 origine
720 3061 897 3137 prognatae
918 3041 1031 3116 subito
1051 3045 1201 3118 existunt
1222 3045 1435 3136 pl-urimee&
1502 3141 1503 3144 Ἴ

408 3145 517 3227 albae,
552 3166 655 3237 quam
689 3143 740 3216 ob
769 3166 845 3217 rem
869 3142 1056 3236 aphritides
1076 3144 1276 3241 (spumea)
1315 3148 1438 3220 dicun-

311 3243 319 3258 '
406 3259 476 3316 tur.
510 3245 657 3341 Aliaeex
672 3243 756 3316 limo
773 3247 986 3338 proveniunt
995 3272 1010 3324 3.
1032 3268 1110 3316 oum
1125 3248 1221 3316 enim
1236 3271 1378 3322 omnum
1396 3270 1437 3319 er

405 3359 594 3423 ventorum
607 3344 767 3434 procellis
784 3341 952 3436 marisque
962 3343 1123 3416 fludiibus
1137 3346 1338 3438 congestum
1354 3372 1434 3418 con.

407 3445 574 3524 ereverit,
601 3441 700 3514 valde
717 3439 926 3516 &limosum
943 3441 1283 3528 &aerumefficitun
1309 3447 1435 3518 deinde

405 3542 660 3634 tranquillitate
673 3541 838 3615 redeunte
854 3591 869 3624 ,
888 3568 931 3614 ex
947 3541 1104 3630 sordibus
1119 3542 1298 3637 amnisque
1315 3557 1434 3640 putre-

404 3640 503 3715 fartis
528 3640 677 3715 infinitae
696 3660 865 3735 tanquam
888 3641 1050 3716 lumbrici
1075 3665 1279 3734 prorepunt
1332 3645 1432 3719 Nihil

401 3739 475 3814 hoc
493 3765 616 3834 genere
632 3739 835 3824 infirmius,
872 3743 967 3835 quod
991 3746 1122 3836 reliqui·
1143 3741 1253 3834 pisces
1271 3745 1430 3818 lubenter

289 3893 297 3906 s
405 3838 585 3914 devorant
611 3841 702 3914 Cibo
717 3867 793 3913 non
806 3841 983 3936 indigent,
1007 3839 1064 3914 sed
1081 3839 1287 3927 sufficiteim.
1302 3864 1346 3918 ut
1359 3869 1432 3916 mu·

305 4018 313 4029 N
403 3954 468 4013 tuo
487 3938 519 4012 se
534 3940 696 4021 lambant
734 3938 825 4013 Cum
843 3967 902 4033 per
925 3965 1017 4014 mere
1040 3940 1071 4015 se
1091 3936 1313 4026 diffundunt,
1339 3961 1380 4015 ut
1393 3946 1431 4016 in

399 4035 1429 4134 salsumbrosrsautcavernis.letebrasquaernnt‚.tamden·

399 4135 444 4210 fis
462 4141 657 4232 agminibus
675 4157 819 4222 natant,¹
844 4160 885 4214 ut
903 4159 1035 4225 totum,
1072 4167 1140 4234 que
1158 4159 1300 4225 natent,
1337 4167 1430 4217 mare
1497 4143 1500 4156 '

400 4237 545 4322 albicet,
565 4242 742 4311 non-aliter
756 4263 947 4333 quamoren
961 4237 1250 4343 niqeconsperse,
1278 4241 1371 4320 adeo
1388 4261 1430 4318 ut

399 4338 544 4416 nullum
555 4359 655 4420 terrae
667 4340 905 4436 uestigiumin
916 4367 960 4454 en
976 4358 1187 4440 compareat.
