3175 5434
374 541 458 643 298
717 552 1066 618 onr1an1

379 681 626 782 capiuntdolit
643 684 929 757 circumventum.
956 683 1071 756 Hamo
1088 681 1233 776 angusto
1255 683 1418 774 &parvo
1440 731 1451 742 -.

276 801 284 814 “
376 787 485 863 estam
500 811 542 857 ex
555 807 642 879 pane
653 780 788 857 &caseo
805 781 995 856 confectam
1012 786 1045 856 δι
1061 805 1141 858 cum
1160 799 1278 853 menta
1286 789 1413 874 (quarn

376 893 513 981 Cocyto
530 902 645 958 natam
657 939 669 972 ‚
681 883 839 956 Plutonis
852 885 1009 977 pellicem
1027 880 1124 956 fuisse
1136 880 1255 955 serunt
1265 910 1277 962 3
1301 882 1420 975 postea

375 1013 485 1069 vero,
500 1009 580 1059 cum
589 986 619 1055 is
627 979 863 1077 Proserpinam
879 985 922 1055 ab
933 986 1034 1060 AEtna
1050 1001 1170 1056 monte
1182 999 1317 1074 raptam
1331 1007 1421 1053 con.

375 1089 487 1162 nubio
506 1083 570 1158 fibi
585 1079 764 1176 junxisset,
790 1083 933 1158 Mintha
948 1083 1076 1178 (menta
1094 1083 1219 1168 latine)
1236 1100 1355 1154 autem
1368 1085 1421 1153 ri.

376 1188 491 1262 valam
507 1181 607 1260 exosa
620 1181 717 1258 duris
731 1181 907 1257 incesseret
921 1186 1058 1267 verbis,
1087 1183 1318 1258 &Plutonem
1330 1205 1418 1253 mox
1506 1253 1507 1256 ,

382 1289 425 1362 ad
443 1283 498 1360 sui
517 1305 683 1377 tanquam
704 1284 886 1376 pulcrioric
900 1307 1053 1358 amorem
1069 1279 1310 1364 reversurum,
1334 1283 1423 1354 alte·
1506 1339 1507 1370 p

379 1412 525 1480 tamque
545 1384 650 1458 domo
666 1381 930 1485 ejedummelse
942 1385 1100 1480 instaret,
1126 1387 1231 1456 Ceres
1246 1384 1332 1454 irata
1344 1405 1425 1454 eam
1505 1385 1507 1466 l

380 1488 528 1585 pedibus
545 1485 779 1558 conculcatam
789 1487 829 1556 in
844 1487 998 1560 nominis
1011 1481 1063 1558 sui
1073 1485 1225 1577 plantam
1235 1479 1424 1574 mutavit)
1506 1471 1507 1490 ¹

384 1612 462 1664 cum
478 1604 598 1658 menta
613 1586 721 1678 igitur
734 1580 906 1658 subadlam
919 1585 1058 1660 indunt
1085 1585 1196 1690 mugil
1213 1583 1323 1654 odore
1342 1581 1426 1654 alle-

384 1693 460 1762 tlus
475 1689 626 1780 primum
649 1682 789 1776 quidem
814 1687 936 1778 procul
961 1687 1054 1758 limis
1075 1685 1184 1757 oeulis
1199 1680 1345 1754 hamum
1367 1685 1425 1754 in-

384 1805 523 1870 tuetur,
550 1783 672 1859 dolum
693 1779 905 1876 suspicatus,
928 1786 1041 1864 ueluti
1060 1787 1173 1868 viator
1188 1783 1334 1875 aliquis,
1362 1784 1425 1876 qui

384 1891 427 1963 in
442 1889 588 1960 trivium
601 1881 782 1966 inciderit,
809 1885 939 1978 diuque
961 1883 1074 1958 secum
1095 1882 1250 1956 dextram
1267 1903 1313 1954 an
1344 1877 1426 1954 sini-

373 1982 633 2062 .stramins1slat
650 1985 743 2054 viam
762 1981 910 2064 dubitat.
949 1985 1086 2060 Deinde
1109 1986 1274 2077 paulatim
1296 1979 1427 2064 confir.

387 2105 483 2162 mato
506 2087 623 2156 animo
644 2083 796 2166 accedit,
822 2088 856 2156 δι
873 2109 955 2158 mox
973 2081 1123 2178 refugit,
1153 2085 1353 2175 iterumque
1370 2105 1427 2173 ap-
1465 2164 1468 2176 Ι

388 2187 623 2285 propinquat,
649 2183 681 2254 ἁ
694 2181 802 2254 cauda
815 2179 923 2256 cscam
940 2185 1117 2268 verberat,
1132 2189 1185 2254 'ne
1200 2182 1286 2274 quid
1301 2181 1426 2256 caloris

391 2289 426 2362 ei
437 2283 527 2358 sorte
543 2279 765 2364 adhucinsit3
779 2283 869 2356 nihil
888 2287 982 2356 enim
1001 2287 1078 2358 vivi
1090 2285 1240 2375 attingit.
1267 2281 1427 2356 Tandem

391 2410 478 2459 vero
488 2382 622 2458 summo
638 2405 697 2456 ore
712 2382 828 2456 cibum
845 2385 1028 2474 arrodens,
1042 2381 1186 2458 &hamc
1200 2386 1249 2454 ita
1263 2399 1305 2454 ut
1316 2405 1426 2474 equus

392 2483 494 2560 steno
514 2481 673 2558 confixus
684 2507 727 2566 ,a
741 2480 907 2576 piscatore
924 2480 1056 2558 sursum
1071 2487 1203 2578 rapitur
1214 2483 1246 2554 ἃ
1257 2481 1427 2576 palpitans

392 2588 434 2662 in
451 2605 579 2662 terram
597 2581 804 2662 extrahitur.

449 2815 467 2888 ς
474 2817 532 2885 29.
564 2787 709 2872 Gladius
724 2800 828 2871 etiam
843 2793 954 2868 hamis
976 2795 1133 2890 capitur,
1164 2791 1246 2888 licet
1260 2793 1363 2866 nulla
1383 2795 1429 2866 eia

396 2893 578 2970 infitesca.
601 2898 730 2970 Nudus
744 2900 838 2970 enim
853 2896 996 2980 hamus,
1022 2919 1087 2968 nec
1103 2895 1298 2968 occultatus
1312 2896 1432 2965 alinea

398 2996 590 3090 dependet,
624 2996 755 3089 duplici
773 3019 943 3070 recurvus
968 3020 1073 3072 unco.
1115 2997 1224 3086 Supra
1244 3017 1326 3066 eum
1345 3018 1431 3066 vero

397 3097 540 3188 mallem
565 3095 717 3188 aliquem
744 3094 870 3190 piscem
894 3120 913 3168 e
936 3119 1061 3190 genere
1083 3094 1266 3175 alborum,
1301 3096 1431 3186 palmae

400 3200 536 3270 circiter
550 3210 620 3268 tres
630 3193 806 3289 superius,
820 3192 954 3268 summo
968 3195 1066 3268 labro
1078 3191 1261 3266 artificiose
1273 3195 1429 3289 alligant.

402 3295 607 3388 quemdum
622 3297 791 3370 invadens
808 3295 941 3388 gladius
961 3313 1079 3377 vorat,
1097 3313 1210 3388 parter
1223 3294 1299 3388 ejus
1310 3295 1435 3388 aliquae

402 3393 600 3468 delabentes
612 3397 702 3466 circa
718 3395 860 3468 hamum
877 3394 1068 3478 inhaerent,
1093 3396 1247 3488 quasilla
1265 3395 1349 3466 dolo
1362 3417 1434 3466 non

401 3491 639 3567 animadverso
656 3492 810 3568 fimiliter
830 3495 1059 3568 devoraturus
1077 3500 1211 3589 capitur
1230 3500 1263 3568 dc
1283 3494 1434 3567 extrahi-

403 3614 474 3690 tur.
497 3596 606 3668 Porro
625 3599 715 3668 circa
733 3594 959 3686 Tyrrhenum
980 3619 1093 3678 mare,
1120 3592 1436 3668 MaffiaamacGala

406 3694 508 3775 liam,
541 3695 604 3767 ubi
619 3699 778 3790 ingentes
793 3696 902 3790 gladii
917 3699 1154 3788 reperiuntur,
1181 3693 1370 3786 piscatores
1381 3720 1435 3768 na·

366 3814 374 3826 “
403 3795 537 3882 niculae
555 3792 634 3887 ipfis
653 3794 804 3887 piscibus
820 3821 900 3868 cum
918 3820 1063 3888 corpore
1078 3814 1153 3868 tum
1174 3796 1289 3890 gladio
1311 3799 1346 3867 ἃ
1365 3821 1435 3869 mu-

406 3918 513 3968 crone
538 3895 640 3968 rostri
657 3893 782 3968 similes
810 3895 990 3970 fabricant.
1034 3897 1091 3968 Illi
1112 3895 1197 3970 alios
1222 3895 1274 3968 sui
1302 3899 1435 3990 generis

405 3992 515 4092 pisces
532 3994 649 4067 videre
667 3994 700 4067 se
717 3999 804 4078 rati,
831 4021 905 4070 non
919 3994 1119 4089 refugiunt,
1146 3997 1256 4068 donec
1273 3997 1435 4086 acymbia

405 4096 632 4189 undiquaque
657 4097 860 4168 circumdati
880 4093 1023 4170 luscinis
1046 4091 1249 4183 feriantur,
1284 4097 1375 4168 adeo
1399 4113 1435 4168 ut

409 4189 559 4291 effugere
578 4213 763 4288 nequeant.
801 4197 858 4273 Fit
876 4198 1017 4290 quidem
1034 4197 1238 4291 aliquando,
1264 4215 1307 4268 ut
1326 4195 1435 4290 gladic

408 4293 471 4368 suo
487 4295 587 4367 belua
607 4299 724 4368 navim
738 4298 949 4388 penetrando
966 4294 1139 4389 perforet,
1163 4317 1240 4370 tum
1256 4294 1437 4388 piscatores
1503 4337 1504 4344 κ

411 4396 506 4466 illico
524 4393 633 4468 securi
649 4399 807 4470 maxillas
827 4398 900 4492 ejus
918 4397 1165 4492 confringunt,
1194 4399 1357 4468 &navim
1368 4418 1439 4488 per-
1503 4411 1504 4432 ¹

411 4492 558 4571 serrum
573 4496 672 4571 clavo
691 4499 882 4582 abnuant,
912 4523 952 4574 ac
968 4496 1096 4595 piscem
1115 4498 1256 4584 viribus,
1268 4495 1442 4572 desectum
