3175 5434
391 541 477 624 ³02
734 539 1075 606 orateur

280 689 286 696 ·
392 674 481 745 mari
493 668 611 744 trabit.
638 671 769 745 interea
783 663 1076 764 congregatiseari
1090 662 1311 758 frequentes,
1329 664 1433 758 &su-

393 796 473 844 rore
488 770 644 842 libidinis
659 773 802 864 perciti,
815 789 978 862 tanquam
994 791 1095 861 opem
1114 767 1219 842 laturi
1233 765 1433 874 sequuntur

393 895 517 966 magna
529 871 722 952 celeritate,
750 874 782 944 da
799 873 917 942 navim
933 885 1111 962 utcunque
1128 870 1351 940 acceleratam
1364 873 1435 940 cir-

395 971 570 1044 cumdant
598 969 756 1042 Tandem
770 967 936 1062 piscator,
957 965 1020 1040 ubi
1034 965 1113 1040 satis
1133 964 1434 1039 maltoseffecon·

394 1069 532 1163 jecerit,
556 1066 721 1142 seminam
748 1070 883 1142 elevato
911 1065 1092 1149 funiculo,
1120 1067 1317 1160 &plumbo
1337 1065 1435 1138 infra

390 1157 543 1260 appenso
567 1171 606 1240 in
624 1166 749 1241 nasim
773 1167 945 1262 deponit,
978 1170 1017 1238 in
1045 1191 1147 1262 quam
1172 1164 1270 1238 facile
1290 1167 1436 1260 plumbi

394 1268 549 1361 pondere
571 1266 795 1362 deprimitur:
830 1292 940 1342 mares
965 1290 1049 1340 vero
1078 1267 1173 1340 illico
1200 1271 1360 1340 certatim
1385 1264 1437 1338 se-

421 1386 574 1447 auntar,
605 1367 903 1463 includanturque
918 1370 1063 1460 paritet,
1089 1391 1163 1438 non
1184 1367 1282 1440 aliter
1294 1393 1336 1440 ac
1353 1392 1438 1440 cur-

395 1394 508 1550 sores,
525 1471 587 1561 qui
602 1471 728 1560 pariter
745 1469 939 1542 carceribus
958 1469 1126 1550 emicant,
1141 1463 1330 1562 omnesque
1349 1491 1438 1538 con·

396 1571 585 1640 aaameta
597 1572 793 1642 certaminis
804 1571 983 1664 praemium
993 1563 1126 1640 auferre
1138 1569 1311 1644 nituntur.
1342 1569 1437 1641 Sunt

398 1671 462 1762 qui
476 1663 600 1739 anisam
616 1663 679 1739 sub
692 1665 800 1751 saxis,
827 1667 954 1762 quibus
971 1665 1154 1740 familiares
1172 1663 1253 1739 sunt
1265 1663 1354 1738 scari
1367 1671 1436 1754 (la.

398 1771 507 1858 sici),
533 1764 662 1840 inclusa
676 1765 805 1842 semina
831 1769 1028 1860 deponunt:
1063 1771 1151 1840 circa
1174 1792 1275 1860 quam
1294 1767 1437 1839 collecti

397 1893 532 1950 mares,
554 1867 708 1940 libidinis
722 1865 892 1961 impulsu,
917 1865 1069 1940 universi
1082 1885 1209 1938 temere
1226 1865 1369 1960 ingressi
1382 1893 1437 1939 ca.

367 2043 376 2054 ,
397 1971 555 2062 piantur.
583 1969 635 2040 lta
649 1965 720 2039 sere
735 1995 859 2062 auceps
877 1966 1001 2040 illicem
1019 1991 1116 2040 avem
1130 1963 1239 2040 denfis
1253 1991 1436 2041 ramorum

396 2065 492 2140 foliis
511 2067 662 2140 abditam
684 2071 849 2152 collocat,
877 2068 975 2161 cajus
991 2091 1078 2142 voce
1096 2091 1206 2140 mares
1226 2067 1369 2162 decepti
1384 2070 1437 2142 ut-

400 2184 457 2242 tro
478 2169 518 2240 iu
536 2167 678 2260 laqueos
697 2173 855 2242 veniunt.

452 2397 537 2471 127.
562 2377 727 2452 Similiter
743 2382 847 2452 etiam
865 2383 1039 2474 capitones
1054 2378 1255 2472 (AEtmnus
1267 2379 1295 2452 l.
1319 2399 1379 2456 12.
1395 2371 1437 2452 ex

399 2469 438 2550 lt.
459 2479 484 2555 l.
510 2474 658 2574 cephalos
682 2477 885 2573 oxyrynchus
906 2484 930 2552 i.
959 2505 987 2554 e.
1019 2488 1183 2574 capitones
1208 2498 1307 2552 acuto
1329 2487 1436 2574 capite
1504 2485 1505 2566 J

402 2580 599 2666 nontinat,)
631 2603 748 2653 amore
761 2580 823 2654 suo
839 2601 995 2674 percunt.
1023 2581 1199 2664 Feminam
1213 2577 1365 2672 piscator
1381 2605 1438 2672 per

403 2677 528 2752 datius
542 2678 792 2764 ministrabit,
820 2705 897 2775 quae
916 2676 1063 2753 formosa
1078 2683 1262 2774 &pinguis
1278 2677 1322 2752 fit
1336 2706 1438 2774 opor·
1503 2743 1504 2748 ,

402 2795 472 2852 tet:
498 2781 547 2849 ita
557 2781 651 2852 enim
667 2783 782 2874 plures
795 2779 1064 2873 pulchritudinis
1080 2781 1242 2862 illecebra
1261 2781 1375 2852 illedli
1387 2806 1453 2854 ac·-

403 2879 553 2967 cedunt,
588 2880 621 2950 a
645 2875 808 2954 feminam
829 2884 931 2954 etiam
948 2883 987 2954 in
1010 2880 1093 2954 litus
1117 2877 1224 2973 usque
1247 2885 1440 2956 extrariam

401 2974 674 3070 persequuntur,
692 2981 804 3054 veluti
818 2977 1047 3053 adolescentes
1068 2977 1256 3068 libidinosi,
1267 2985 1333 3074 qui
1343 2979 1438 3053 semi-

399 3099 481 3148 nam
501 3073 686 3150 formosam
699 3078 791 3154 forte
808 3079 1011 3172 conspicati,
1030 3084 1182 3174 primum
1197 3083 1345 3174 quidem
1362 3107 1438 3174 pro-
1501 3141 1502 3148 ,

401 3174 459 3248 cul
482 3179 686 3262 intuentur,
713 3181 838 3255 deinde
858 3205 963 3274 prope
980 3179 1436 3269 accedentes,aaimumsu·

338 3293 346 3320 t
399 3297 460 3344 um
487 3271 584 3347 suavi
615 3284 753 3352 veneris
782 3283 992 3376 cogitatione
1016 3282 1224 3362 demulcent.
1283 3279 1436 3388 Piscator

402 3371 506 3465 (alius
511 3374 724 3469 subsequens)
743 3383 791 3452 ita
812 3381 1024 3476 congregatis
1044 3402 1117 3454 rete
1136 3381 1289 3475 jaculum
1309 3377 1435 3476 injicit,

338 3472 974 3574 'mmmmmm
1387 3473 1392 3478 ⁵

450 3699 536 3776 147.
562 3686 615 3758 Ad
631 3684 756 3788 sepiam
775 3691 975 3783 capiendam
994 3715 1107 3786 neque
1126 3687 1224 3764 naffle
1244 3657 1365 3785 neque
1388 3715 1438 3766 re·
1479 3661 1483 3668 ι

399 3784 491 3854 tium
509 3784 733 3880 (jaculorum)
752 3788 883 3864 infidiis
898 3817 985 3884 opus
1001 3791 1149 3864 habent:
1176 3789 1233 3863 sed
1250 3795 1386 3865 amoris
1401 3795 1437 3866 il-

287 3981 296 3989 ,
400 3881 545 3954 lecebris
561 3909 635 3958 eam
658 3889 701 3958 ad
724 3888 814 3963 hanc
830 3895 1001 3964 rationem
1026 3889 1220 3985 piscantur,
1247 3909 1289 3964 ut
1312 3889 1437 3985 sepiam

404 3981 611 4074 (feminam)
632 3990 768 4082 ligatam
786 3995 825 4062 in
851 3991 1011 4064 fluetibus
1038 3991 1203 4064 trahant:
1242 4015 1354 4082 quam
1381 3994 1437 4066 abi

401 4084 526 4174 procul
550 4085 625 4156 aliae
652 4086 892 4181 conspexerint
906 4090 1083 4182 (inuret),
1120 4093 1232 4164 statim
1252 4091 1384 4182 cupide
1403 4099 1437 4166 in

383 4193 477 4252 ‘eam
492 4178 674 4269 seruntur,
706 4191 898 4262 &anacam
920 4189 1130 4264 flexibilibus
1147 4189 1250 4262 nodis
1269 4193 1380 4268 ctiam
1393 4213 1439 4268 at-
1495 4205 1496 4284 ζ

402 4304 470 4371 que
487 4285 608 4365 etiam,
628 4288 741 4360 veluti
748 4286 882 4364 sorores
898 4287 1039 4363 fratrem
1050 4309 1111 4362 aut
1121 4307 1253 4382 patrem
1263 4290 1438 4378 reducem,
1493 4285 1496 4364 l

402 4379 460 4448 vel
474 4377 993 4484 sponsamaritum,'diligenter
1010 4391 1308 4484 complasmatus,
1334 4395 1440 4468 donea
1493 4431 1495 4450 ⁴

403 4476 664 4572 apiscaeoribus
681 4494 813 4566 mutuis
825 4495 1014 4570 etiamnum
1032 4489 1439 4588 amplexibuahaerentes

1494 4393 1495 4426 l

1493 4453 1495 4505 l

1492 4521 1494 4580 l
