3175 5434
2533 448 2573 483 N

777 523 971 590 XXX
1358 522 1474 587 'IN
1533 523 1834 588 VITAM
1898 524 2280 588 OPPIANI·

788 671 977 717 manu
998 645 1461 732 AngeliVergitii
1487 651 1730 730 scriptus
1750 697 1769 726 ‚
1818 670 1993 730 quem
2014 653 2168 730 apud
2192 648 2479 714 Illustrem
2502 646 2856 714 Brunckium

774 733 1148 814 'inspeximus
1167 773 1183 799 ‚
1228 731 1329 795 sed
1355 730 1563 795 nullibi
1593 733 1807 794 autoris
1843 751 2062 794 nomen
2092 747 2361 810 apparet;
2420 732 2703 811 scriptura
2730 752 2861 794 vero

775 812 865 894 Ju't
895 813 1214 893 plurimum
1256 832 1395 875 cum
1435 814 1645 875 codice
1683 833 1716 873 a
1763 813 2084 874 d'Orvillio
2119 812 2377 890 inspecto
2416 815 2713 873 convenit.
2777 811 2859 872 Est

791 907 994 957 tamen
1026 897 1088 954 in
1117 891 1482 956 Bibliotheca
1523 895 1707 972 Regia
1746 891 1938 955 codex
1978 892 2054 954 N.
2091 900 2268 970 2736.
2308 893 2406 969 qui
2438 895 2619 955 vitam
2653 893 2860 969 Oppia-

793 978 861 1037 ni
891 986 1033 1037 cum'
1057 973 1174 1034 hoc
1205 974 1402 1036 in‘dice
1430 975 1697 1052 praefert:
1742 976 2067 1042 Κωνςαντίνε
2102 976 2172 1036 ri?
2207 976 2436 1038 Μανασΐί
2465 977 2631 1041 γένθ’
2647 983 2861 1032 Οππια-

797 1059 860 1120 νέ
893 1052 977 1116 διαὶ
1018 1058 1180 1128 ςίχων
1215 1058 1487 1115 πολιτικῶν
1518 1057 1789 1129 ἐμμέτρων.
1851 1066 1919 1118 ut
1952 1053 2097 1114 mihi
2145 1072 2251 1130 per
2290 1051 2487 1116 literas
2534 1051 2865 1131 fignificavit

779 1138 884 1199 'vir
908 1133 1259 1196 doctiflimus
1283 1133 1540 1212 mihique
1567 1132 1938 1196 amicissimus
1973 1132 2195 1212 d'Anfi‘
2225 1135 2300 1196 de
2338 1135 2664 1213 Villog'fom
2709 1135 2863 1209 cujus

801 1215 1045 1280 enixum
1081 1234 1320 1294 operam
1359 1213 1513 1276 hanc
1553 1234 1746 1278 meam
1798 1214 2115 1290 adjuvandi
2161 1213 2415 1276 studium
2465 1215 2646 1293 magis
2700 1215 2866 1276 etiam

795 1289 1094 1378 perspexi,
1139 1295 1439 1374 postquam
1464 1294 1611 1356 mihi
1640 1294 1976 1357 conciliavit
2000 1292 2268 1358 favorem
2294 1293 2499 1356 Illustr.
2532 1295 2771 1356 Batonis
2800 1294 2865 1356 de

799 1379 1059 1439 Sainte·
1079 1379 1264 1439 Croix
1291 1421 1310 1454 ‚
1372 1377 1536 1452 cujus
1568 1376 1873 1455 ingenium
1907 1387 2081 1454 atque
2114 1375 2508 1437 eruditionem
2543 1376 2663 1437 sera
2695 1374 2875 1454 poste-,

798 1459 937 1519 ritas
970 1456 1349 1519 admirabitur
1379 1458 1444 1517 in
1469 1455 1619 1517 libro
1656 1455 1967 1534 praeclaro,
2024 1476 2141 1535 quo
2181 1455 2421 1518 censum
2455 1457 2576 1534 egit
2608 1469 2869 1518 veterum

794 1537 1216 1613 Historicorum
1237 1582 1256 1611 ,
1303 1538 1400 1613 qui
1434 1557 1523 1598 res
1554 1537 1731 1616 gestas
1765 1536 2081 1599 Alexandri
2099 1536 2306 1615 Magni
2336 1537 2724 1599 tradiderunt.
2763 1537 2869 1598 Hic

782 1619 961 1680 'enim
998 1619 1085 1678 vir
1117 1618 1363 1679 eximius
1391 1616 1583 1678 usibus
1622 1619 1766 1680 meis
1802 1618 2188 1695 impetravita
2215 1616 2597 1680 celeberrimo
2632 1618 2866 1691 Lorri0‚

781 1698 1118 1761 'Medicinae
1148 1697 1403 1758 Doctore
1429 1697 1746 1769 Parmensi,
1814 1717 1985 1759 exem
2027 1697 2151 1760 lum
2188 1698 2446 1776 Oppiani
2473 1696 2868 1771 Turnebiani,

795 1780 865 1840 in
899 1797 1015 1856 quo
1044 1777 1214 1840 variae
1248 1777 1690 1841 emendationes
1722 1774 1835 1852 Jos.
1872 1779 1981 1840 Sca
2006 1779 2146 1859 igeri
2168 1798 2345 1845 manu
2375 1777 2675 1856 adscriptae
2707 1778 2872 1840 exsta-

796 1879 863 1921 re
894 1857 1040 1920 falso
1083 1856 1447 1918 dicebantur.
1512 1858 1630 1919 Sed
1661 1860 1981 1937 reperimus
2014 1861 2075 1919 in
2104 1860 2318 1921 eodem
2349 1858 2654 1921 volumine
2686 1878 2873 1921 exem·

785 1938 970 2018 'plum
990 1938 1274 2000 Nicandri
1306 1935 1664 2001 colonienfis
1698 1958 1837 1999 cum
1864 1940 2072 2001 codice
2102 1940 2324 2002 vetusto
2354 1939 2635 2002 collatum
2653 1985 2672 2014 ,
2717 1939 2873 2001 unde

796 2021 885 2163 {¹1²2
892 2018 1366 2115 annotationibus
1397 2018 1474 2079 ad
1493 2012 1759 2080 Ixeutica
1783 2021 2123 2082 varietatem
2158 2021 2394 2083 Codicis
2438 2022 2730 2083 Lorriani
2760 2019 2873 2082 lau·

885 2119 1094 2163 vimus,

988 2181 1084 2242 Ne
1114 2197 1272 2242 'vero
1334 2176 1633 2257 quisquam
1681 2199 1862 2259 nugas
1918 2179 2022 2244 has
2079 2183 2142 2242 in
2202 2180 2314 2244 hac
2370 2181 2632 2244 editione
2694 2181 2875 2243 nostra

801 2258 1029 2322 omiffas
1076 2272 1464 2336 conqueratur
1500 2300 1520 2328 ,
1575 2259 1716 2321 sciat
1757 2262 1955 2322 omnia
1990 2261 2493 2341 exsuperioribus
2537 2262 2672 2324 vitae
2708 2262 2875 2338 hujus

799 2339 1086 2418 exemplis
1122 2337 1550 2415 consarcinata,
1596 2342 1652 2401 δε
1684 2341 1939 2403 versibus
2015 2338 2224 2404 oliticis
2241 2388 2260 2418 ,
2343 2344 2501 2405 aucis
2538 2342 2876 2422 quibusdam

801 2422 1024 2499 ingenii
1050 2419 1202 2482 illius
1245 2417 1524 2502 lutulenti
1557 2422 1909 2483 retrimentis
2004 2423 2074 2485 tis
2108 2421 2257 2486 liber
2319 2425 2424 2485 ’ter
2452 2421 2706 2484 admistis
2721 2469 2740 2498 ,
2783 2423 2877 2484 ad-

801 2513 998 2596 aptata
1026 2499 1155 2562 effe.
1220 2499 1475 2577 AEquum
1501 2498 1639 2562 sane
1674 2513 1799 2564 erat
1842 2504 2101 2565 carmina
2126 2509 2469 2582 poetarum,
2525 2504 2739 2582 quibus
2781 2504 2876 2566 sci-

804 2579 950 2643 hcet
996 2582 1159 2642 nihil
1247 2581 1530 2658 rofuerat
1571 2579 1800 2660 Musas
1841 2584 2069 2662 dixzjffe
2091 2586 2375 2664 puellas,
2435 2597 2566 2646 tum
2599 2586 2875 2663 temporis

741 2724 749 2728 ,
782 2661 1020 2748 ,eodem
1047 2679 1195 2723 voca
1237 2659 1338 2723 ulo
1369 2660 1676 2740 distingui,
1736 2683 1853 2743 quo
1890 2666 2226 2731 meretrices
2264 2662 2528 2746 publicas
2562 2666 2744 2732 etiam
2787 2685 2876 2745 ap-

799 2736 1044 2822 pellatas
1072 2741 1240 2808 fuiffe
1275 2740 1543 2823 legimuS.

2409 4548 2415 4555 ⁴
2497 4597 2887 4660 onmmor
2995 4667 2998 4694 1

3007 1227 3008 1238 l

3006 1239 3008 1254 4

3006 1260 3008 1271 <

3003 1296 3008 1404 i

3005 1416 3008 1439 1
