3175 5434
389 497 474 584 244
730 492 1122 590 crassas·

325 649 327 660 ·
389 647 468 702 urm
480 620 716 718 hilpericum,
740 647 953 718 quocunque
970 621 1113 712 furens,
1141 618 1442 716 &comiliiinops

386 732 687 818 circumvagatur,
707 724 888 797 interdum
899 729 939 797 in
954 720 1105 796 fundum
1123 745 1230 796 ruens
1240 725 1359 796 ultimi
1376 724 1444 796 iles·

387 831 462 909 vii,
492 849 574 898 mox
595 847 679 894 varo
702 820 840 896 rursum
856 829 898 896 in
915 825 1031 923 arenis
1051 821 1084 896 se
1103 821 1254 895 volvens
1283 847 1345 914 per
1370 843 1443 896 ter-

388 951 485 1014 ram,
508 923 639 998 &vum
656 927 695 994 in
706 923 851 994 modum
867 921 1019 1016 spirans,
1045 919 1113 994 sese
1131 921 1269 994 versans
1278 923 1441 1016 undique

389 1050 434 1098 ox
452 1023 644 1096 doloribus.
670 1022 716 1094 At
735 1022 793 1094 ille
812 1021 904 1094 nihil
920 1039 1037 1104 curat,
1064 1023 1221 1120 jucunda
1240 1046 1327 1094 vero
1348 1023 1444 1095 dele-
1508 1041 1510 1052 ·

389 1128 501 1198 natur
527 1121 639 1218 pastu,
665 1121 843 1215 jecoriqua
860 1145 968 1216 prope
995 1143 1101 1214 quam
1122 1125 1270 1209 maxime
1288 1121 1438 1196 affidens

389 1225 563 1318 epulatur.
600 1219 758 1294 Tandem
777 1240 894 1294 autem
915 1224 1036 1294 reliiio
1054 1224 1153 1293 inam
1169 1245 1318 1313 corpore
1335 1225 1440 1294 exilit

389 1321 508 1396 efera.
538 1319 782 1408 lchneamon‚
804 1321 932 1417 ingens
950 1323 1178 1404 miraculum,
1198 1320 1440 1406 {strenuissima

386 1419 603 1496 solertissime
614 1467 632 1503 ,-
664 1437 829 1512 quantam
862 1422 965 1494 corde
985 1423 1162 1494 audaciam
1189 1425 1302 1512 capis,
1333 1447 1444 1514 quan-

387 1540 467 1598 tum
494 1519 689 1616 periculum
715 1515 832 1604 subis,
867 1525 928 1618 qui
948 1525 1058 1594 morti
1079 1543 1205 1614 corpus
1236 1538 1340 1594 tuum
1370 1541 1441 1597 tam
1508 1595 1510 1600 ,

385 1647 494 1719 prope
511 1619 704 1694 obtrudis'.
739 1685 748 1698 .

433 1841 520 1916 433,
544 1819 718 1892 Caeterum
746 1812 900 1912 aspidem
929 1817 1144 1890 virulentam
1173 1821 1235 1893 tali
1268 1819 1439 1898 interficit
1508 1817 1510 1910 ζ

384 1919 538 1996 solertias
555 1937 671 1992 totum
690 1940 815 2012 corpus
827 1921 867 1990 in
884 1941 988 1993 arena
1004 1917 1436 2006 occultatsoraeinfidians,

369 2040 511 2119 *praeter
525 2017 635 2090 solam
654 2017 850 2092 caudam&
870 2018 991 2092 oculos
1009 2022 1147 2111 igneos
1171 2023 1265 2092 Nam
1277 2023 1386 2094 cauda
1406 2025 1438 2094 ei

386 2143 531 2218 procera
555 2122 588 2191 ἃ
613 2116 811 2213 serpentina
830 2116 896 2199 est,
932 2115 1080 2192 summis
1107 2120 1266 2212 apicibus.
1292 2118 1438 2214 desuper

388 2218 613 2301 convolutis,
659 2237 780 2292 contra
805 2221 1013 2312 nigricans,
1054 2215 1254 2310 serpentum
1282 2218 1435 2313 squamis

385 2319 519 2396 similis.
547 2319 634 2392 Eam
651 2336 789 2401 autem,
801 2317 867 2390 ubi
884 2315 1107 2414 fuliginosam
1132 2323 1285 2412 viperam
1300 2319 1436 2394 sibilau-

387 2437 460 2494 tem
472 2417 587 2500 vidit²
607 2423 775 2494 contrairi
787 2442 918 2512 gyrum
929 2435 1177 2514 contorquens,
1188 2441 1360 2513 provocat
1376 2445 1438 2493 an·

386 2545 491 2617 guem
508 2523 748 2594 teterrimum:
763 2517 851 2612 aspis
862 2537 979 2592 autem
988 2538 1197 2592 venenatum
1206 2521 1373 2593 accedens
1383 2537 1434 2594 at·

385 2621 483 2694 tollit
509 2635 642 2715 caput,
681 2616 866 2714 penusque
911 2619 1058 2718 dilatat,
1100 2615 1275 2712 durosque
1312 2618 1435 2694 exserit

386 2719 508 2796 dentes
525 2777 541 2809 ,,
581 2745 741 2815 pugnans
771 2719 876 2792 malis.
911 2715 1075 2793 insalsum
1113 2717 1296 2814 pestiferis.
1340 2722 1434 2795 Tum

386 2845 472 2893 vero
505 2819 720 2892 ichneumon
742 2815 925 2894 bellicosus
952 2844 1027 2892 non
1053 2822 1095 2891 in
1118 2823 1235 2893 arenis.
1255 2840 1430 2906 moratur,

382 2917 444 2993 sed
454 2943 585 2993 amaras
604 2922 748 2993 exiliens
765 2917 1029 3014 comprehendit
1042 2917 1181 3000 fauces,
1201 2921 1234 2992 ἃ
1252 2921 1361 2994 laniat
1378 2947 1435 3018 ge·

382 3024 440 3092 nis
462 3019 683 3094 volutantem
697 3017 730 3091 se
743 3022 938 3112 utrinque,
965 3024 1186 3094 &manuam
1200 3022 1280 3092 ilico
1305 3022 1435 3106 reddit,

381 3118 507 3192 trustra
523 3137 732 3212 expuentem
755 3117 919 3190 acerbum
932 3174 948 3207 ,¹
977 3123 1104 3194 mortis
1126 3123 1301 3205 amicum2
1321 3121 1443 3217 pluri».

380 3242 441 3290 mo
459 3217 539 3292 felle
560 3214 731 3296 suffusum
742 3241 935 3292 venenum.

403 3420 408 3427 ’
431 3449 519 3524 449.
544 3429 623 3520 Jam
638 3453 725 3504 vero
747 3430 860 3504 astuta
875 3433 970 3504 inter
989 3432 1139 3525 agrestes
1162 3434 1318 3506 mmitne
1339 3431 1432 3510 feras

380 3527 429 3602 est
438 3531 560 3624 vulpes
575 3580 590 3612 ,,
613 3531 743 3623 oppido
757 3536 881 3604 martia
898 3533 1046 3615 animo,
1072 3536 1105 3606 &
1125 3533 1277 3627 prudens
1296 3533 1435 3609 habitat

379 3629 514 3704 ultimis
529 3632 568 3702 i'n
577 3628 871 3723 latibulisseptem
884 3635 995 3724 portis
1003 3650 1155 3725 apertam
1166 3635 1312 3705 domum
1324 3639 1358 3708 n
1370 3662 1428 3708 cu-

379 3727 465 3802 tilia
481 3728 652 3824 perforata
669 3735 790 3824 procul
806 3729 868 3806 ase
879 3736 1055 3816 invicem,
1089 3757 1134 3806 ne
1149 3757 1224 3806 eam
1245 3754 1432 3810 venatores

378 3831 471 3902 circa
488 3830 619 3902 ostium
638 3830 843 3904 insidiantes
862 3836 906 3906 in
915 3835 1066 3926 laqueos
1078 3834 1286 3928 conjiciant:
1313 3833 1426 3909 saevis

377 3925 466 4002 fima
485 3929 678 4020 cl'entilius²
717 3931 846 4025 quibus
867 3936 971 4006 etiam
1006 3937 1166 4010 cominus
1191 3952 1325 4027 pugnat
1348 3959 1428 4010 cum

368 4025 460 4124 &seris
477 4027 707 4113 fortioribus,
737 4033 773 4104 &
787 4035 955 4106 venaticis
969 4034 1128 4107 canibus.
1151 4035 1293 4128 quando
1306 4055 1424 4108 autem
1506 4112 1507 4129 p

376 4125 491 4202 hiems
514 4130 618 4204 instat
648 4129 782 4225 rigida,
831 4135 864 4205 isi
894 4133 978 4206 cibo
1006 4153 1103 4230 eget,
1139 4133 1311 4227 nudaeque
1335 4139 1430 4209 vites
1506 4146 1507 4227 l

376 4233 523 4303 racemis
548 4234 678 4304 circum
696 4235 785 4304 circa
803 4253 1023 4317 cernuntur„
1055 4254 1131 4308 tram
1152 4237 1254 4306 etiam
1276 4235 1321 4306 in
1336 4233 1430 4310 feras
1506 4248 1507 4255 ’

339 4375 342 4380 -
366 4329 1024 4432 .scerbum.cons1liumstruit2quo-&
1042 4339 1141 4413 alites
1161 4330 1279 4410 dolose
1300 4338 1430 4431 capiatis
1506 4362 1507 4407 ἲ

377 4429 561 4506 &aulos
574 4431 749 4532 leporum
1506 4434 1507 4503 J
