<?xml version="1.0" encoding="UTF-8"?>
<!DOCTYPE html PUBLIC "-//W3C//DTD XHTML 1.0 Transitional//EN"
    "http://www.w3.org/TR/xhtml1/DTD/xhtml1-transitional.dtd">
<html xmlns="http://www.w3.org/1999/xhtml" xml:lang="en" lang="en">
 <head>
  <title>
</title>
<meta http-equiv="Content-Type" content="text/html;charset=utf-8" />
  <meta name='ocr-system' content='tesseract 3.04.00' />
  <meta name='ocr-capabilities' content='ocr_page ocr_carea ocr_par ocr_line ocrx_word'/>
</head>
<body>
  <div class='ocr_page' id='page_1' title='image "./oppianipoetaeci00oppigoog_0303.png"; bbox 0 0 3175 5434; ppageno 0'>
   <div class='ocr_carea' id='block_1_1' title="bbox 391 524 1079 608">
    <p class='ocr_par' dir='ltr' id='par_1_1' title="bbox 391 524 1079 608">
     <span class='ocr_line' id='line_1_1' title="bbox 391 524 1079 608; baseline -0.009 -1"><span class='ocrx_word' id='word_1_1' title='bbox 391 524 479 608; x_wconf 82' lang='lat'>266</span> <span class='ocrx_word' id='word_1_2' title='bbox 711 525 1079 602; x_wconf 73' lang='lat' dir='ltr'>‘onerant</span> 
     </span>
    </p>
   </div>
   <div class='ocr_carea' id='block_1_2' title="bbox 382 659 1479 1931">
    <p class='ocr_par' dir='ltr' id='par_1_2' title="bbox 382 659 1479 1931">
     <span class='ocr_line' id='line_1_2' title="bbox 391 659 1412 743; baseline -0.001 -7"><span class='ocrx_word' id='word_1_3' title='bbox 391 681 459 736; x_wconf 86' lang='lat' dir='ltr'>tet.</span> <span class='ocrx_word' id='word_1_4' title='bbox 486 659 709 735; x_wconf 83' lang='lat' dir='ltr'>Frustravela</span> <span class='ocrx_word' id='word_1_5' title='bbox 729 667 847 736; x_wconf 86' lang='lat' dir='ltr'>omnia</span> <span class='ocrx_word' id='word_1_6' title='bbox 862 663 992 735; x_wconf 91' lang='lat' dir='ltr'>circum</span> <span class='ocrx_word' id='word_1_7' title='bbox 1009 660 1175 735; x_wconf 84' lang='lat' dir='ltr'>rudentes</span> <span class='ocrx_word' id='word_1_8' title='bbox 1191 659 1412 743; x_wconf 81' lang='lat' dir='ltr'>tument‚fru·</span> 
     </span>
     <span class='ocr_line' id='line_1_3' title="bbox 382 759 1414 844; baseline -0.004 -8"><span class='ocrx_word' id='word_1_9' title='bbox 382 765 461 837; x_wconf 80' lang='lat' dir='ltr'>&#39;stra</span> <span class='ocrx_word' id='word_1_10' title='bbox 478 762 622 834; x_wconf 87' lang='lat' dir='ltr'>strident</span> <span class='ocrx_word' id='word_1_11' title='bbox 641 759 764 844; x_wconf 85' lang='lat' dir='ltr'>funes,</span> <span class='ocrx_word' id='word_1_12' title='bbox 800 759 923 834; x_wconf 86' lang='lat' dir='ltr'>frustra</span> <span class='ocrx_word' id='word_1_13' title='bbox 945 780 1096 834; x_wconf 83' lang='lat' dir='ltr'>antenna</span> <span class='ocrx_word' id='word_1_14' title='bbox 1114 766 1152 834; x_wconf 89' lang='lat' dir='ltr'>vi</span> <span class='ocrx_word' id='word_1_15' title='bbox 1172 763 1269 832; x_wconf 90' lang='lat' dir='ltr'>venti</span> <span class='ocrx_word' id='word_1_16' title='bbox 1286 763 1414 833; x_wconf 89' lang='lat' dir='ltr'>inclina-</span> 
     </span>
     <span class='ocr_line' id='line_1_4' title="bbox 393 859 1477 956; baseline -0.002 -21"><span class='ocrx_word' id='word_1_17' title='bbox 393 882 471 942; x_wconf 85' lang='lat' dir='ltr'>tur,</span> <span class='ocrx_word' id='word_1_18' title='bbox 486 859 610 934; x_wconf 86' lang='lat' dir='ltr'>frustra</span> <span class='ocrx_word' id='word_1_19' title='bbox 625 860 775 956; x_wconf 89' lang='lat' dir='ltr'>denique</span> <span class='ocrx_word' id='word_1_20' title='bbox 788 861 1001 955; x_wconf 88' lang='lat' dir='ltr'>gubernator</span> <span class='ocrx_word' id='word_1_21' title='bbox 1020 885 1139 934; x_wconf 85' lang='lat' dir='ltr'>omnes</span> <span class='ocrx_word' id='word_1_22' title='bbox 1150 864 1257 953; x_wconf 89' lang='lat' dir='ltr'>puppi</span> <span class='ocrx_word' id='word_1_23' title='bbox 1272 863 1414 934; x_wconf 85' lang='lat' dir='ltr'>immittit</span> <span class='ocrx_word' id='word_1_24' title='bbox 1476 869 1477 880; x_wconf 76' lang='grc'>’</span> 
     </span>
     <span class='ocr_line' id='line_1_5' title="bbox 395 961 1414 1056; baseline 0 -23"><span class='ocrx_word' id='word_1_25' title='bbox 395 962 561 1047; x_wconf 82' lang='lat' dir='ltr'>habenas,</span> <span class='ocrx_word' id='word_1_26' title='bbox 573 984 766 1056; x_wconf 84' lang='lat' dir='ltr'>navemque</span> <span class='ocrx_word' id='word_1_27' title='bbox 781 963 946 1054; x_wconf 87' lang='lat' dir='ltr'>impellit</span> <span class='ocrx_word' id='word_1_28' title='bbox 972 985 1049 1056; x_wconf 83' lang='lat' dir='ltr'>quac</span> <span class='ocrx_word' id='word_1_29' title='bbox 1057 979 1173 1032; x_wconf 92' lang='lat' dir='ltr'>tamen</span> <span class='ocrx_word' id='word_1_30' title='bbox 1185 983 1248 1032; x_wconf 88' lang='lat' dir='ltr'>nec</span> <span class='ocrx_word' id='word_1_31' title='bbox 1265 961 1414 1053; x_wconf 84' lang='lat' dir='ltr'>guberna</span> 
     </span>
     <span class='ocr_line' id='line_1_6' title="bbox 395 1060 1477 1164; baseline 0.003 -31"><span class='ocrx_word' id='word_1_32' title='bbox 395 1063 467 1133; x_wconf 85' lang='lat' dir='ltr'>culi</span> <span class='ocrx_word' id='word_1_33' title='bbox 482 1083 546 1130; x_wconf 87' lang='lat' dir='ltr'>nec</span> <span class='ocrx_word' id='word_1_34' title='bbox 562 1077 751 1133; x_wconf 81' lang='lat' dir='ltr'>ventorum</span> <span class='ocrx_word' id='word_1_35' title='bbox 752 1084 882 1164; x_wconf 85' lang='lat' dir='ltr'>neque</span> <span class='ocrx_word' id='word_1_36' title='bbox 900 1060 1116 1164; x_wconf 73' lang='lat' dir='ltr'>datiuum</span> <span class='ocrx_word' id='word_1_37' title='bbox 1081 1084 1155 1132; x_wconf 80' lang='lat' dir='ltr'>vim</span> <span class='ocrx_word' id='word_1_38' title='bbox 1176 1063 1356 1153; x_wconf 92' lang='lat' dir='ltr'>quicquam</span> <span class='ocrx_word' id='word_1_39' title='bbox 1369 1087 1415 1134; x_wconf 90' lang='lat' dir='ltr'>cu·</span> <span class='ocrx_word' id='word_1_40' title='bbox 1476 1129 1477 1136; x_wconf 74' lang='grc'>,</span> 
     </span>
     <span class='ocr_line' id='line_1_7' title="bbox 393 1153 1478 1255; baseline -0.003 -22"><span class='ocrx_word' id='word_1_41' title='bbox 393 1177 470 1240; x_wconf 88' lang='lat' dir='ltr'>rat,</span> <span class='ocrx_word' id='word_1_42' title='bbox 507 1156 690 1231; x_wconf 87' lang='lat' dir='ltr'>sedinvita</span> <span class='ocrx_word' id='word_1_43' title='bbox 707 1153 768 1232; x_wconf 85' lang='lat'>&amp;&#39;</span> <span class='ocrx_word' id='word_1_44' title='bbox 759 1179 904 1232; x_wconf 78' lang='lat' dir='ltr'>immota</span> <span class='ocrx_word' id='word_1_45' title='bbox 926 1157 1025 1255; x_wconf 86' lang='lat' dir='ltr'>parvi</span> <span class='ocrx_word' id='word_1_46' title='bbox 1046 1157 1144 1252; x_wconf 87' lang='lat' dir='ltr'>piscis</span> <span class='ocrx_word' id='word_1_47' title='bbox 1162 1159 1334 1232; x_wconf 90' lang='lat' dir='ltr'>denitetur</span> <span class='ocrx_word' id='word_1_48' title='bbox 1353 1185 1413 1232; x_wconf 90' lang='lat' dir='ltr'>ore.</span> <span class='ocrx_word' id='word_1_49' title='bbox 1476 1161 1478 1202; x_wconf 77' lang='lat'><strong>¹</strong></span> 
     </span>
     <span class='ocr_line' id='line_1_8' title="bbox 398 1257 1416 1342; baseline 0 -10"><span class='ocrx_word' id='word_1_50' title='bbox 398 1261 493 1332; x_wconf 90' lang='lat' dir='ltr'>Tum</span> <span class='ocrx_word' id='word_1_51' title='bbox 511 1275 634 1331; x_wconf 82' lang='lat' dir='ltr'>nautas</span> <span class='ocrx_word' id='word_1_52' title='bbox 648 1257 784 1331; x_wconf 76' lang='lat' dir='ltr'>incessit</span> <span class='ocrx_word' id='word_1_53' title='bbox 797 1264 922 1342; x_wconf 89' lang='lat' dir='ltr'>timor,</span> <span class='ocrx_word' id='word_1_54' title='bbox 945 1285 1025 1334; x_wconf 95' lang='lat' dir='ltr'>cum</span> <span class='ocrx_word' id='word_1_55' title='bbox 1039 1261 1178 1332; x_wconf 89' lang='lat' dir='ltr'>vincula</span> <span class='ocrx_word' id='word_1_56' title='bbox 1194 1261 1295 1333; x_wconf 90' lang='lat' dir='ltr'>maris</span> <span class='ocrx_word' id='word_1_57' title='bbox 1310 1261 1416 1332; x_wconf 84' lang='lat' dir='ltr'>vident</span> 
     </span>
     <span class='ocr_line' id='line_1_9' title="bbox 397 1355 1478 1460; baseline 0 -30"><span class='ocrx_word' id='word_1_58' title='bbox 397 1378 469 1430; x_wconf 86' lang='lat' dir='ltr'>tam</span> <span class='ocrx_word' id='word_1_59' title='bbox 488 1383 611 1451; x_wconf 88' lang='lat' dir='ltr'>parva,</span> <span class='ocrx_word' id='word_1_60' title='bbox 639 1357 816 1452; x_wconf 87' lang='lat' dir='ltr'>oculisque</span> <span class='ocrx_word' id='word_1_61' title='bbox 832 1355 901 1432; x_wconf 86' lang='lat' dir='ltr'>suis</span> <span class='ocrx_word' id='word_1_62' title='bbox 921 1363 984 1432; x_wconf 85' lang='lat' dir='ltr'>vix</span> <span class='ocrx_word' id='word_1_63' title='bbox 999 1360 1165 1442; x_wconf 90' lang='lat' dir='ltr'>credunt,</span> <span class='ocrx_word' id='word_1_64' title='bbox 1194 1377 1355 1460; x_wconf 80' lang='lat' dir='ltr'>tanquam</span> <span class='ocrx_word' id='word_1_65' title='bbox 1374 1358 1478 1430; x_wconf 71' lang='lat' dir='ltr'>so*</span> <span class='ocrx_word' id='word_1_66' title='bbox 1477 1401 1478 1438; x_wconf 73' lang='grc' dir='ltr'>ι</span> 
     </span>
     <span class='ocr_line' id='line_1_10' title="bbox 398 1454 1478 1553; baseline -0.006 -21"><span class='ocrx_word' id='word_1_67' title='bbox 398 1463 497 1532; x_wconf 88' lang='lat' dir='ltr'>mnio</span> <span class='ocrx_word' id='word_1_68' title='bbox 522 1454 699 1531; x_wconf 86' lang='lat' dir='ltr'>ludificati</span> <span class='ocrx_word' id='word_1_69' title='bbox 738 1462 787 1532; x_wconf 86' lang='lat' dir='ltr'>Ac</span> <span class='ocrx_word' id='word_1_70' title='bbox 805 1461 917 1532; x_wconf 91' lang='lat' dir='ltr'>veluti</span> <span class='ocrx_word' id='word_1_71' title='bbox 941 1485 1020 1532; x_wconf 88' lang='lat' dir='ltr'>cum</span> <span class='ocrx_word' id='word_1_72' title='bbox 1046 1461 1193 1553; x_wconf 79' lang='lat' dir='ltr'>venator</span> <span class='ocrx_word' id='word_1_73' title='bbox 1218 1464 1312 1532; x_wconf 88' lang='lat' dir='ltr'>cervi</span> <span class='ocrx_word' id='word_1_74' title='bbox 1331 1457 1478 1532; x_wconf 89' lang='lat' dir='ltr'>cursu</span> <span class='ocrx_word' id='word_1_75' title='bbox 1476 1471 1478 1526; x_wconf 69' lang='grc' dir='ltr'><strong>ῑ</strong></span> 
     </span>
     <span class='ocr_line' id='line_1_11' title="bbox 399 1550 1479 1652; baseline -0.001 -22"><span class='ocrx_word' id='word_1_76' title='bbox 399 1558 521 1651; x_wconf 86' lang='lat' dir='ltr'>rapido</span> <span class='ocrx_word' id='word_1_77' title='bbox 539 1560 620 1630; x_wconf 84' lang='lat' dir='ltr'>elati</span> <span class='ocrx_word' id='word_1_78' title='bbox 637 1555 820 1652; x_wconf 85' lang='lat' dir='ltr'>vestigium</span> <span class='ocrx_word' id='word_1_79' title='bbox 837 1555 1010 1631; x_wconf 87' lang='lat' dir='ltr'>summum</span> <span class='ocrx_word' id='word_1_80' title='bbox 1027 1560 1097 1631; x_wconf 89' lang='lat' dir='ltr'>telo</span> <span class='ocrx_word' id='word_1_81' title='bbox 1116 1557 1345 1642; x_wconf 81' lang='lat' dir='ltr'>transfixerit,</span> <span class='ocrx_word' id='word_1_82' title='bbox 1368 1550 1479 1630; x_wconf 86' lang='lat' dir='ltr'>ille</span> 
     </span>
     <span class='ocr_line' id='line_1_12' title="bbox 396 1653 1417 1741; baseline -0.004 -10"><span class='ocrx_word' id='word_1_83' title='bbox 396 1677 474 1731; x_wconf 89' lang='lat' dir='ltr'>tum</span> <span class='ocrx_word' id='word_1_84' title='bbox 494 1658 674 1731; x_wconf 88' lang='lat' dir='ltr'>doloribus</span> <span class='ocrx_word' id='word_1_85' title='bbox 694 1653 850 1741; x_wconf 87' lang='lat' dir='ltr'>saucius,</span> <span class='ocrx_word' id='word_1_86' title='bbox 880 1663 1016 1731; x_wconf 90' lang='lat' dir='ltr'>invitus</span> <span class='ocrx_word' id='word_1_87' title='bbox 1042 1659 1206 1732; x_wconf 86' lang='lat' dir='ltr'>audacem</span> <span class='ocrx_word' id='word_1_88' title='bbox 1232 1676 1417 1731; x_wconf 82' lang='lat' dir='ltr'>venatorem</span> 
     </span>
     <span class='ocr_line' id='line_1_13' title="bbox 396 1760 1479 1842; baseline -0.001 -12"><span class='ocrx_word' id='word_1_89' title='bbox 396 1775 534 1840; x_wconf 79' lang='lat' dir='ltr'>manet3</span> <span class='ocrx_word' id='word_1_90' title='bbox 563 1760 624 1829; x_wconf 87' lang='lat' dir='ltr'>tali</span> <span class='ocrx_word' id='word_1_91' title='bbox 641 1760 744 1828; x_wconf 87' lang='lat' dir='ltr'>etiam</span> <span class='ocrx_word' id='word_1_92' title='bbox 760 1761 903 1832; x_wconf 91' lang='lat' dir='ltr'>vinculo</span> <span class='ocrx_word' id='word_1_93' title='bbox 923 1784 1049 1832; x_wconf 89' lang='lat' dir='ltr'>navem</span> <span class='ocrx_word' id='word_1_94' title='bbox 1073 1776 1169 1833; x_wconf 88' lang='lat' dir='ltr'>tenet</span> <span class='ocrx_word' id='word_1_95' title='bbox 1189 1783 1343 1842; x_wconf 89' lang='lat' dir='ltr'>remora,</span> <span class='ocrx_word' id='word_1_96' title='bbox 1364 1781 1417 1830; x_wconf 85' lang='lat' dir='ltr'>un·</span> <span class='ocrx_word' id='word_1_97' title='bbox 1477 1773 1479 1838; x_wconf 57' lang='grc' dir='ltr'>ἐ</span> 
     </span>
     <span class='ocr_line' id='line_1_14' title="bbox 402 1858 780 1931; baseline -0.008 0"><span class='ocrx_word' id='word_1_98' title='bbox 402 1859 445 1931; x_wconf 88' lang='lat' dir='ltr'>de</span> <span class='ocrx_word' id='word_1_99' title='bbox 457 1881 588 1931; x_wconf 88' lang='lat' dir='ltr'>nomen</span> <span class='ocrx_word' id='word_1_100' title='bbox 608 1860 705 1928; x_wconf 70' lang='lat' dir='ltr'>natta</span> <span class='ocrx_word' id='word_1_101' title='bbox 723 1858 780 1930; x_wconf 91' lang='lat' dir='ltr'>est.</span> 
     </span>
    </p>
   </div>
   <div class='ocr_carea' id='block_1_3' title="bbox 402 2062 1480 2364">
    <p class='ocr_par' dir='ltr' id='par_1_3' title="bbox 402 2062 1480 2364">
     <span class='ocr_line' id='line_1_15' title="bbox 445 2062 1480 2164; baseline -0.003 -23"><span class='ocrx_word' id='word_1_102' title='bbox 445 2089 530 2164; x_wconf 85' lang='lat'><strong>244.</strong></span> <span class='ocrx_word' id='word_1_103' title='bbox 559 2064 760 2147; x_wconf 69' lang='lat' dir='ltr'>chalcites,</span> <span class='ocrx_word' id='word_1_104' title='bbox 784 2062 923 2149; x_wconf 78' lang='lat' dir='ltr'>thriflie,</span> <span class='ocrx_word' id='word_1_105' title='bbox 939 2067 1142 2151; x_wconf 86' lang='lat' dir='ltr'>abramides‚</span> <span class='ocrx_word' id='word_1_106' title='bbox 1158 2069 1320 2145; x_wconf 81' lang='lat' dir='ltr'>confertae</span> <span class='ocrx_word' id='word_1_107' title='bbox 1339 2092 1417 2141; x_wconf 86' lang='lat' dir='ltr'>nunc</span> <span class='ocrx_word' id='word_1_108' title='bbox 1479 2121 1480 2124; x_wconf 63' lang='lat'>,</span> 
     </span>
     <span class='ocr_line' id='line_1_16' title="bbox 403 2166 1417 2264; baseline -0.003 -22"><span class='ocrx_word' id='word_1_109' title='bbox 403 2187 540 2263; x_wconf 87' lang='lat' dir='ltr'>petras,</span> <span class='ocrx_word' id='word_1_110' title='bbox 561 2191 657 2238; x_wconf 92' lang='lat' dir='ltr'>nunc</span> <span class='ocrx_word' id='word_1_111' title='bbox 673 2166 833 2259; x_wconf 81' lang='lat' dir='ltr'>pelagus,</span> <span class='ocrx_word' id='word_1_112' title='bbox 854 2191 948 2240; x_wconf 90' lang='lat' dir='ltr'>nunc</span> <span class='ocrx_word' id='word_1_113' title='bbox 964 2171 1066 2243; x_wconf 87' lang='lat' dir='ltr'>litora</span> <span class='ocrx_word' id='word_1_114' title='bbox 1079 2169 1292 2264; x_wconf 86' lang='lat' dir='ltr'>sequuntur,</span> <span class='ocrx_word' id='word_1_115' title='bbox 1310 2167 1417 2245; x_wconf 87' lang='lat' dir='ltr'>&amp;sen-</span> 
     </span>
     <span class='ocr_line' id='line_1_17' title="bbox 402 2270 940 2364; baseline -0.006 -21"><span class='ocrx_word' id='word_1_116' title='bbox 402 2293 464 2364; x_wconf 85' lang='lat' dir='ltr'>per</span> <span class='ocrx_word' id='word_1_117' title='bbox 483 2270 581 2343; x_wconf 88' lang='lat' dir='ltr'>velut</span> <span class='ocrx_word' id='word_1_118' title='bbox 598 2289 739 2339; x_wconf 87' lang='lat' dir='ltr'>errones</span> <span class='ocrx_word' id='word_1_119' title='bbox 759 2287 940 2362; x_wconf 85' lang='lat' dir='ltr'>vagantur.</span> 
     </span>
    </p>
   </div>
   <div class='ocr_carea' id='block_1_4' title="bbox 402 2465 1481 2678">
    <p class='ocr_par' dir='ltr' id='par_1_4' title="bbox 402 2465 1481 2661">
     <span class='ocr_line' id='line_1_18' title="bbox 455 2465 1415 2564; baseline -0.004 -22"><span class='ocrx_word' id='word_1_120' title='bbox 455 2481 541 2557; x_wconf 80' lang='lat'><strong>248.</strong></span> <span class='ocrx_word' id='word_1_121' title='bbox 569 2465 709 2540; x_wconf 82' lang='lat' dir='ltr'>Anthiae</span> <span class='ocrx_word' id='word_1_122' title='bbox 731 2469 902 2560; x_wconf 80' lang='lat' dir='ltr'>praecipue</span> <span class='ocrx_word' id='word_1_123' title='bbox 922 2469 961 2539; x_wconf 92' lang='lat' dir='ltr'>in</span> <span class='ocrx_word' id='word_1_124' title='bbox 977 2465 1160 2560; x_wconf 85' lang='lat' dir='ltr'>profundis</span> <span class='ocrx_word' id='word_1_125' title='bbox 1177 2465 1266 2542; x_wconf 85' lang='lat' dir='ltr'>saxis</span> <span class='ocrx_word' id='word_1_126' title='bbox 1285 2468 1415 2564; x_wconf 84' lang='lat' dir='ltr'>degunt,</span> 
     </span>
     <span class='ocr_line' id='line_1_19' title="bbox 402 2563 1481 2678; baseline -0.003 -39"><span class='ocrx_word' id='word_1_127' title='bbox 402 2587 477 2639; x_wconf 88' lang='lat' dir='ltr'>non</span> <span class='ocrx_word' id='word_1_128' title='bbox 493 2563 624 2660; x_wconf 88' lang='lat' dir='ltr'>semper</span> <span class='ocrx_word' id='word_1_129' title='bbox 642 2586 780 2648; x_wconf 83' lang='lat' dir='ltr'>tamen3</span> <span class='ocrx_word' id='word_1_130' title='bbox 815 2591 895 2638; x_wconf 90' lang='lat' dir='ltr'>nam</span> <span class='ocrx_word' id='word_1_131' title='bbox 912 2593 990 2640; x_wconf 90' lang='lat' dir='ltr'>cum</span> <span class='ocrx_word' id='word_1_132' title='bbox 1010 2566 1076 2642; x_wconf 88' lang='lat' dir='ltr'>fint</span> <span class='ocrx_word' id='word_1_133' title='bbox 1094 2565 1322 2651; x_wconf 86' lang='lat' dir='ltr'>voraciffimi,</span> <span class='ocrx_word' id='word_1_134' title='bbox 1349 2591 1481 2678; x_wconf 88' lang='lat' dir='ltr'>qno</span> <span class='ocrx_word' id='word_1_135' title='bbox 1480 2611 1481 2616; x_wconf 21' lang='grc' dir='ltr'><strong>κ</strong></span> 
     </span>
    </p>
   </div>
   <div class='ocr_carea' id='block_1_5' title="bbox 339 2664 1482 3262">
    <p class='ocr_par' dir='ltr' id='par_1_5' title="bbox 404 2664 1418 2962">
     <span class='ocr_line' id='line_1_20' title="bbox 404 2664 1418 2762; baseline -0.001 -22"><span class='ocrx_word' id='word_1_136' title='bbox 404 2691 544 2760; x_wconf 86' lang='lat' dir='ltr'>cunque</span> <span class='ocrx_word' id='word_1_137' title='bbox 559 2670 762 2762; x_wconf 59' lang='lat' dir='ltr'>gulatvocat,</span> <span class='ocrx_word' id='word_1_138' title='bbox 774 2664 891 2759; x_wconf 87' lang='lat' dir='ltr'>paffim</span> <span class='ocrx_word' id='word_1_139' title='bbox 909 2667 1091 2750; x_wconf 80' lang='lat' dir='ltr'>oberrant3</span> <span class='ocrx_word' id='word_1_140' title='bbox 1118 2667 1175 2740; x_wconf 90' lang='lat' dir='ltr'>sed</span> <span class='ocrx_word' id='word_1_141' title='bbox 1193 2693 1232 2741; x_wconf 84' lang='lat' dir='ltr'>os</span> <span class='ocrx_word' id='word_1_142' title='bbox 1243 2667 1386 2740; x_wconf 91' lang='lat' dir='ltr'>habent</span> <span class='ocrx_word' id='word_1_143' title='bbox 1379 2691 1418 2738; x_wconf 89' lang='lat' dir='ltr'>rn</span> 
     </span>
     <span class='ocr_line' id='line_1_21' title="bbox 405 2766 1418 2864; baseline -0.005 -24"><span class='ocrx_word' id='word_1_144' title='bbox 405 2791 498 2840; x_wconf 88' lang='lat' dir='ltr'>erme</span> <span class='ocrx_word' id='word_1_145' title='bbox 516 2769 727 2841; x_wconf 87' lang='lat' dir='ltr'>&amp;dentibus</span> <span class='ocrx_word' id='word_1_146' title='bbox 744 2787 871 2840; x_wconf 82' lang='lat' dir='ltr'>carent</span> <span class='ocrx_word' id='word_1_147' title='bbox 900 2772 1061 2860; x_wconf 79' lang='lat' dir='ltr'>Quatuor</span> <span class='ocrx_word' id='word_1_148' title='bbox 1081 2768 1207 2842; x_wconf 88' lang='lat' dir='ltr'>horum</span> <span class='ocrx_word' id='word_1_149' title='bbox 1224 2766 1418 2864; x_wconf 85' lang='lat' dir='ltr'>magnasunt</span> 
     </span>
     <span class='ocr_line' id='line_1_22' title="bbox 404 2867 1418 2962; baseline 0 -27"><span class='ocrx_word' id='word_1_150' title='bbox 404 2890 549 2962; x_wconf 89' lang='lat' dir='ltr'>genera,</span> <span class='ocrx_word' id='word_1_151' title='bbox 576 2893 689 2940; x_wconf 92' lang='lat' dir='ltr'>unum</span> <span class='ocrx_word' id='word_1_152' title='bbox 710 2867 839 2938; x_wconf 84' lang='lat' dir='ltr'>flavum</span> <span class='ocrx_word' id='word_1_153' title='bbox 853 2867 1022 2962; x_wconf 81' lang='lat' dir='ltr'>(rufum),</span> <span class='ocrx_word' id='word_1_154' title='bbox 1049 2870 1197 2941; x_wconf 88' lang='lat' dir='ltr'>alterum</span> <span class='ocrx_word' id='word_1_155' title='bbox 1213 2867 1349 2951; x_wconf 89' lang='lat' dir='ltr'>album,</span> <span class='ocrx_word' id='word_1_156' title='bbox 1365 2885 1418 2938; x_wconf 89' lang='lat' dir='ltr'>ter-</span> 
     </span>
    </p>

    <p class='ocr_par' dir='ltr' id='par_1_6' title="bbox 339 2967 1482 3262">
     <span class='ocr_line' id='line_1_23' title="bbox 339 2967 1482 3063; baseline -0.002 -25"><span class='ocrx_word' id='word_1_157' title='bbox 339 2984 343 3001; x_wconf 90' lang='lat'>&#39;</span> <span class='ocrx_word' id='word_1_158' title='bbox 403 2971 493 3038; x_wconf 91' lang='lat' dir='ltr'>tium</span> <span class='ocrx_word' id='word_1_159' title='bbox 513 2972 665 3060; x_wconf 88' lang='lat' dir='ltr'>nigrum.</span> <span class='ocrx_word' id='word_1_160' title='bbox 694 2969 790 3038; x_wconf 82' lang='lat' dir='ltr'>Alios</span> <span class='ocrx_word' id='word_1_161' title='bbox 805 2991 936 3059; x_wconf 87' lang='lat' dir='ltr'>euopos</span> <span class='ocrx_word' id='word_1_162' title='bbox 951 2969 1007 3039; x_wconf 91' lang='lat' dir='ltr'>vel</span> <span class='ocrx_word' id='word_1_163' title='bbox 1025 2971 1169 3062; x_wconf 90' lang='lat' dir='ltr'>aulopos</span> <span class='ocrx_word' id='word_1_164' title='bbox 1186 2967 1419 3063; x_wconf 79' lang='lat' dir='ltr'>(culopiar)ap·</span> <span class='ocrx_word' id='word_1_165' title='bbox 1481 3055 1482 3060; x_wconf 5' lang='grc' dir='ltr'>ἵ</span> 
     </span>
     <span class='ocr_line' id='line_1_24' title="bbox 403 3065 1420 3160; baseline -0.004 -22"><span class='ocrx_word' id='word_1_166' title='bbox 403 3069 552 3158; x_wconf 83' lang='lat' dir='ltr'>pellant,</span> <span class='ocrx_word' id='word_1_167' title='bbox 565 3067 659 3159; x_wconf 90' lang='lat' dir='ltr'>quod</span> <span class='ocrx_word' id='word_1_168' title='bbox 670 3069 738 3136; x_wconf 87' lang='lat' dir='ltr'>illis</span> <span class='ocrx_word' id='word_1_169' title='bbox 750 3070 843 3138; x_wconf 91' lang='lat' dir='ltr'>oculi</span> <span class='ocrx_word' id='word_1_170' title='bbox 857 3084 951 3160; x_wconf 90' lang='lat' dir='ltr'>parte</span> <span class='ocrx_word' id='word_1_171' title='bbox 960 3065 1134 3160; x_wconf 81' lang='lat' dir='ltr'>superiore</span> <span class='ocrx_word' id='word_1_172' title='bbox 1147 3074 1185 3141; x_wconf 93' lang='lat' dir='ltr'>in</span> <span class='ocrx_word' id='word_1_173' title='bbox 1196 3070 1317 3141; x_wconf 87' lang='lat' dir='ltr'>orbem</span> <span class='ocrx_word' id='word_1_174' title='bbox 1327 3067 1420 3139; x_wconf 87' lang='lat' dir='ltr'>veluti</span> 
     </span>
     <span class='ocr_line' id='line_1_25' title="bbox 404 3164 1380 3262; baseline 0.001 -25"><span class='ocrx_word' id='word_1_175' title='bbox 404 3164 587 3259; x_wconf 87' lang='lat' dir='ltr'>supercilio</span> <span class='ocrx_word' id='word_1_176' title='bbox 607 3165 784 3250; x_wconf 87' lang='lat' dir='ltr'>rotundo,</span> <span class='ocrx_word' id='word_1_177' title='bbox 811 3171 926 3262; x_wconf 88' lang='lat' dir='ltr'>nigro,</span> <span class='ocrx_word' id='word_1_178' title='bbox 947 3171 1054 3241; x_wconf 72' lang='lat' dir='ltr'>omni</span> <span class='ocrx_word' id='word_1_179' title='bbox 1073 3172 1105 3242; x_wconf 77' lang='grc' dir='ltr'>δι</span> <span class='ocrx_word' id='word_1_180' title='bbox 1125 3173 1285 3244; x_wconf 89' lang='lat' dir='ltr'>coronati</span> <span class='ocrx_word' id='word_1_181' title='bbox 1299 3167 1380 3242; x_wconf 88' lang='lat' dir='ltr'>sunt</span> 
     </span>
    </p>
   </div>
   <div class='ocr_carea' id='block_1_6' title="bbox 340 3375 1475 4574">
    <p class='ocr_par' dir='ltr' id='par_1_7' title="bbox 340 3375 1475 4471">
     <span class='ocr_line' id='line_1_26' title="bbox 340 3375 1420 3476; baseline -0.002 -26"><span class='ocrx_word' id='word_1_182' title='bbox 340 3468 343 3476; x_wconf 73' lang='lat'><em>,</em></span> <span class='ocrx_word' id='word_1_183' title='bbox 457 3394 542 3468; x_wconf 82' lang='lat'>259.</span> <span class='ocrx_word' id='word_1_184' title='bbox 569 3377 723 3450; x_wconf 85' lang='lat' dir='ltr'>Carabus</span> <span class='ocrx_word' id='word_1_185' title='bbox 741 3381 773 3450; x_wconf 88' lang='lat'>&amp;</span> <span class='ocrx_word' id='word_1_186' title='bbox 789 3377 938 3462; x_wconf 85' lang='lat' dir='ltr'>astacus,</span> <span class='ocrx_word' id='word_1_187' title='bbox 957 3396 1105 3474; x_wconf 86' lang='lat' dir='ltr'>uterque</span> <span class='ocrx_word' id='word_1_188' title='bbox 1122 3379 1208 3452; x_wconf 87' lang='lat' dir='ltr'>dura</span> <span class='ocrx_word' id='word_1_189' title='bbox 1223 3375 1420 3454; x_wconf 75' lang='lat' dir='ltr'>teetusv&#39;elu-</span> 
     </span>
     <span class='ocr_line' id='line_1_27' title="bbox 406 3479 1420 3574; baseline -0.005 -24"><span class='ocrx_word' id='word_1_190' title='bbox 406 3480 436 3550; x_wconf 90' lang='lat' dir='ltr'>ti</span> <span class='ocrx_word' id='word_1_191' title='bbox 449 3479 577 3560; x_wconf 88' lang='lat' dir='ltr'>tunica,</span> <span class='ocrx_word' id='word_1_192' title='bbox 589 3481 679 3550; x_wconf 88' lang='lat' dir='ltr'>circa</span> <span class='ocrx_word' id='word_1_193' title='bbox 688 3498 801 3571; x_wconf 87' lang='lat' dir='ltr'>petras</span> <span class='ocrx_word' id='word_1_194' title='bbox 815 3480 946 3574; x_wconf 81' lang='lat' dir='ltr'>degunt</span> <span class='ocrx_word' id='word_1_195' title='bbox 957 3485 989 3554; x_wconf 82' lang='lat' dir='ltr'>dt</span> <span class='ocrx_word' id='word_1_196' title='bbox 997 3481 1192 3573; x_wconf 89' lang='lat' dir='ltr'>pascuntur.</span> <span class='ocrx_word' id='word_1_197' title='bbox 1222 3485 1292 3554; x_wconf 88' lang='lat' dir='ltr'>Hic</span> <span class='ocrx_word' id='word_1_198' title='bbox 1303 3480 1420 3574; x_wconf 89' lang='lat' dir='ltr'>quidem</span> 
     </span>
     <span class='ocr_line' id='line_1_28' title="bbox 359 3579 1420 3674; baseline 0.003 -25.133"><span class='ocrx_word' id='word_1_199' title='bbox 359 3579 579 3662; x_wconf 72' lang='lat' dir='ltr'>taculeatus</span> <span class='ocrx_word' id='word_1_200' title='bbox 602 3583 729 3651; x_wconf 88' lang='lat' dir='ltr'>mirum</span> <span class='ocrx_word' id='word_1_201' title='bbox 752 3605 823 3674; x_wconf 90' lang='lat' dir='ltr'>quo</span> <span class='ocrx_word' id='word_1_202' title='bbox 837 3583 970 3673; x_wconf 90' lang='lat' dir='ltr'>proprii</span> <span class='ocrx_word' id='word_1_203' title='bbox 987 3581 1112 3652; x_wconf 85' lang='lat' dir='ltr'>cubilis</span> <span class='ocrx_word' id='word_1_204' title='bbox 1131 3604 1248 3652; x_wconf 87' lang='lat' dir='ltr'>amore</span> <span class='ocrx_word' id='word_1_205' title='bbox 1273 3583 1420 3652; x_wconf 68' lang='lat' dir='ltr'>duratura</span> 
     </span>
     <span class='ocr_line' id='line_1_29' title="bbox 407 3675 1423 3774; baseline -0.002 -27"><span class='ocrx_word' id='word_1_206' title='bbox 407 3678 502 3770; x_wconf 91' lang='lat' dir='ltr'>quod</span> <span class='ocrx_word' id='word_1_207' title='bbox 521 3675 546 3747; x_wconf 89' lang='lat' dir='ltr'>fi</span> <span class='ocrx_word' id='word_1_208' title='bbox 562 3682 654 3750; x_wconf 87' lang='lat' dir='ltr'>enim</span> <span class='ocrx_word' id='word_1_209' title='bbox 673 3703 753 3752; x_wconf 87' lang='lat' dir='ltr'>eum</span> <span class='ocrx_word' id='word_1_210' title='bbox 777 3678 1063 3774; x_wconf 89' lang='lat' dir='ltr'>comprehensum</span> <span class='ocrx_word' id='word_1_211' title='bbox 1091 3683 1124 3752; x_wconf 80' lang='lat' dir='ltr'>dt</span> <span class='ocrx_word' id='word_1_212' title='bbox 1143 3682 1265 3773; x_wconf 90' lang='lat' dir='ltr'>procul</span> <span class='ocrx_word' id='word_1_213' title='bbox 1288 3695 1423 3772; x_wconf 85' lang='lat' dir='ltr'>exporta-</span> 
     </span>
     <span class='ocr_line' id='line_1_30' title="bbox 406 3771 1422 3873; baseline 0.001 -24"><span class='ocrx_word' id='word_1_214' title='bbox 406 3796 501 3858; x_wconf 88' lang='lat' dir='ltr'>tum,</span> <span class='ocrx_word' id='word_1_215' title='bbox 522 3781 648 3850; x_wconf 89' lang='lat' dir='ltr'>iterum</span> <span class='ocrx_word' id='word_1_216' title='bbox 665 3782 703 3850; x_wconf 90' lang='lat' dir='ltr'>in</span> <span class='ocrx_word' id='word_1_217' title='bbox 722 3803 815 3852; x_wconf 88' lang='lat' dir='ltr'>mare</span> <span class='ocrx_word' id='word_1_218' title='bbox 827 3777 1013 3868; x_wconf 79' lang='lat' dir='ltr'>dimiseris,</span> <span class='ocrx_word' id='word_1_219' title='bbox 1037 3798 1113 3852; x_wconf 88' lang='lat' dir='ltr'>tum</span> <span class='ocrx_word' id='word_1_220' title='bbox 1128 3782 1187 3851; x_wconf 91' lang='lat' dir='ltr'>ille</span> <span class='ocrx_word' id='word_1_221' title='bbox 1202 3781 1306 3872; x_wconf 91' lang='lat' dir='ltr'>paulo</span> <span class='ocrx_word' id='word_1_222' title='bbox 1313 3778 1379 3873; x_wconf 86' lang='lat' dir='ltr'>post</span> <span class='ocrx_word' id='word_1_223' title='bbox 1389 3771 1422 3844; x_wconf 77' lang='lat' dir='ltr'>td</span> 
     </span>
     <span class='ocr_line' id='line_1_31' title="bbox 405 3876 1475 3972; baseline -0.002 -26"><span class='ocrx_word' id='word_1_224' title='bbox 405 3899 557 3970; x_wconf 77' lang='lat' dir='ltr'>priorem</span> <span class='ocrx_word' id='word_1_225' title='bbox 568 3876 762 3970; x_wconf 86' lang='lat' dir='ltr'>speluncam</span> <span class='ocrx_word' id='word_1_226' title='bbox 774 3903 962 3972; x_wconf 87' lang='lat' dir='ltr'>properans</span> <span class='ocrx_word' id='word_1_227' title='bbox 975 3880 1112 3953; x_wconf 91' lang='lat' dir='ltr'>redibit.</span> <span class='ocrx_word' id='word_1_228' title='bbox 1129 3881 1334 3953; x_wconf 88' lang='lat' dir='ltr'>Constanter</span> <span class='ocrx_word' id='word_1_229' title='bbox 1346 3879 1421 3950; x_wconf 92' lang='lat' dir='ltr'>enim</span> <span class='ocrx_word' id='word_1_230' title='bbox 1474 3918 1475 3926; x_wconf 36' lang='grc' dir='ltr'>ι</span> 
     </span>
     <span class='ocr_line' id='line_1_32' title="bbox 405 3973 1424 4063; baseline -0.004 -13"><span class='ocrx_word' id='word_1_231' title='bbox 405 3980 553 4050; x_wconf 88' lang='lat' dir='ltr'>alienam</span> <span class='ocrx_word' id='word_1_232' title='bbox 577 3978 720 4050; x_wconf 90' lang='lat' dir='ltr'>domum</span> <span class='ocrx_word' id='word_1_233' title='bbox 746 3981 928 4062; x_wconf 71' lang='lat' dir='ltr'>detrettat,</span> <span class='ocrx_word' id='word_1_234' title='bbox 958 3979 1122 4052; x_wconf 84' lang='lat' dir='ltr'>&amp;cubile</span> <span class='ocrx_word' id='word_1_235' title='bbox 1140 3979 1250 4063; x_wconf 86' lang='lat' dir='ltr'>illud,</span> <span class='ocrx_word' id='word_1_236' title='bbox 1278 3981 1340 4052; x_wconf 88' lang='lat' dir='ltr'>ubi</span> <span class='ocrx_word' id='word_1_237' title='bbox 1359 3973 1424 4048; x_wconf 88' lang='lat' dir='ltr'>ado-</span> 
     </span>
     <span class='ocr_line' id='line_1_33' title="bbox 406 4076 1422 4172; baseline 0.003 -22"><span class='ocrx_word' id='word_1_238' title='bbox 406 4081 536 4150; x_wconf 89' lang='lat' dir='ltr'>leverat</span> <span class='ocrx_word' id='word_1_239' title='bbox 546 4076 817 4172; x_wconf 59' lang='lat' dir='ltr'>‚persequitun</span> <span class='ocrx_word' id='word_1_240' title='bbox 839 4105 904 4152; x_wconf 89' lang='lat' dir='ltr'>nec</span> <span class='ocrx_word' id='word_1_241' title='bbox 921 4079 1004 4151; x_wconf 90' lang='lat' dir='ltr'>odio</span> <span class='ocrx_word' id='word_1_242' title='bbox 1021 4079 1127 4151; x_wconf 89' lang='lat' dir='ltr'>habet</span> <span class='ocrx_word' id='word_1_243' title='bbox 1154 4083 1306 4172; x_wconf 89' lang='lat' dir='ltr'>patrium</span> <span class='ocrx_word' id='word_1_244' title='bbox 1326 4099 1422 4152; x_wconf 72' lang='lat' dir='ltr'>mare,</span> 
     </span>
     <span class='ocr_line' id='line_1_34' title="bbox 405 4167 1426 4271; baseline -0.008 -19"><span class='ocrx_word' id='word_1_245' title='bbox 405 4177 499 4252; x_wconf 82' lang='lat' dir='ltr'>unde</span> <span class='ocrx_word' id='word_1_246' title='bbox 516 4203 595 4251; x_wconf 91' lang='lat' dir='ltr'>eum</span> <span class='ocrx_word' id='word_1_247' title='bbox 612 4182 647 4252; x_wconf 91' lang='lat' dir='ltr'>vi</span> <span class='ocrx_word' id='word_1_248' title='bbox 667 4177 849 4271; x_wconf 88' lang='lat' dir='ltr'>piscatores</span> <span class='ocrx_word' id='word_1_249' title='bbox 869 4167 1111 4252; x_wconf 81' lang='lat' dir='ltr'>abstraxerant.</span> <span class='ocrx_word' id='word_1_250' title='bbox 1147 4179 1242 4252; x_wconf 85' lang='lat' dir='ltr'>Adeo</span> <span class='ocrx_word' id='word_1_251' title='bbox 1268 4183 1367 4251; x_wconf 87' lang='lat' dir='ltr'>etiam</span> <span class='ocrx_word' id='word_1_252' title='bbox 1386 4175 1426 4266; x_wconf 61' lang='lat' dir='ltr'>pia</span> 
     </span>
     <span class='ocr_line' id='line_1_35' title="bbox 405 4273 1425 4374; baseline -0.003 -26"><span class='ocrx_word' id='word_1_253' title='bbox 405 4274 476 4349; x_wconf 88' lang='lat' dir='ltr'>sees</span> <span class='ocrx_word' id='word_1_254' title='bbox 497 4279 620 4350; x_wconf 89' lang='lat' dir='ltr'>domus</span> <span class='ocrx_word' id='word_1_255' title='bbox 638 4276 706 4351; x_wconf 82' lang='lat' dir='ltr'>soae</span> <span class='ocrx_word' id='word_1_256' title='bbox 727 4283 899 4374; x_wconf 88' lang='lat' dir='ltr'>patriique</span> <span class='ocrx_word' id='word_1_257' title='bbox 922 4283 1043 4361; x_wconf 87' lang='lat' dir='ltr'>maris,</span> <span class='ocrx_word' id='word_1_258' title='bbox 1079 4277 1143 4352; x_wconf 92' lang='lat' dir='ltr'>ubi</span> <span class='ocrx_word' id='word_1_259' title='bbox 1161 4297 1234 4351; x_wconf 82' lang='lat' dir='ltr'>nati</span> <span class='ocrx_word' id='word_1_260' title='bbox 1207 4273 1355 4359; x_wconf 87' lang='lat' dir='ltr'>tisunt‚</span> <span class='ocrx_word' id='word_1_261' title='bbox 1379 4297 1425 4345; x_wconf 80' lang='lat' dir='ltr'>eo</span> 
     </span>
     <span class='ocr_line' id='line_1_36' title="bbox 407 4367 1438 4471; baseline -0.002 -26"><span class='ocrx_word' id='word_1_262' title='bbox 407 4377 486 4447; x_wconf 90' lang='lat' dir='ltr'>dem</span> <span class='ocrx_word' id='word_1_263' title='bbox 502 4380 602 4469; x_wconf 84' lang='lat' dir='ltr'>plane</span> <span class='ocrx_word' id='word_1_264' title='bbox 619 4403 735 4452; x_wconf 90' lang='lat' dir='ltr'>amore</span> <span class='ocrx_word' id='word_1_265' title='bbox 748 4379 927 4453; x_wconf 87' lang='lat' dir='ltr'>ducuntur</span> <span class='ocrx_word' id='word_1_266' title='bbox 945 4405 984 4452; x_wconf 86' lang='lat' dir='ltr'>ac</span> <span class='ocrx_word' id='word_1_267' title='bbox 1000 4377 1178 4461; x_wconf 87' lang='lat' dir='ltr'>homines,</span> <span class='ocrx_word' id='word_1_268' title='bbox 1207 4379 1333 4471; x_wconf 90' lang='lat' dir='ltr'>quibus</span> <span class='ocrx_word' id='word_1_269' title='bbox 1350 4367 1438 4448; x_wconf 78' lang='lat' dir='ltr'>nihil.</span> 
     </span>
    </p>

    <p class='ocr_par' dir='ltr' id='par_1_8' title="bbox 359 4474 1426 4574">
     <span class='ocr_line' id='line_1_37' title="bbox 359 4474 1426 4574; baseline -0.004 -27"><span class='ocrx_word' id='word_1_270' title='bbox 359 4533 362 4539; x_wconf 65' lang='grc'><em>,</em></span> <span class='ocrx_word' id='word_1_271' title='bbox 407 4474 636 4566; x_wconf 87' lang='lat' dir='ltr'>miserabilius</span> <span class='ocrx_word' id='word_1_272' title='bbox 652 4503 698 4550; x_wconf 90' lang='lat' dir='ltr'>eo</span> <span class='ocrx_word' id='word_1_273' title='bbox 717 4479 878 4563; x_wconf 89' lang='lat' dir='ltr'>videtur,</span> <span class='ocrx_word' id='word_1_274' title='bbox 914 4503 977 4574; x_wconf 84' lang='lat' dir='ltr'>qur</span> <span class='ocrx_word' id='word_1_275' title='bbox 966 4482 1099 4573; x_wconf 81' lang='lat' dir='ltr'>patria</span> <span class='ocrx_word' id='word_1_276' title='bbox 1116 4476 1285 4573; x_wconf 85' lang='lat' dir='ltr'>profugus</span> <span class='ocrx_word' id='word_1_277' title='bbox 1303 4476 1426 4552; x_wconf 88' lang='lat' dir='ltr'>indeco-</span> 
     </span>
    </p>
   </div>
   <div class='ocr_carea' id='block_1_7' title="bbox 0 0 1603 5434">
    <p class='ocr_par' dir='ltr' id='par_1_9' title="bbox 0 0 1603 5434">
     <span class='ocr_line' id='line_1_38' title="bbox 0 0 1603 5434; baseline 0 0"><span class='ocrx_word' id='word_1_278' title='bbox 0 0 1603 5434; x_wconf 95' lang='lat' dir='ltr'> </span> 
     </span>
    </p>
   </div>
  </div>
 </body>
</html>
