3175 5434
589 505 851 626 “MA‘'
934 630 938 637 ,
1085 595 1088 601 .
1155 534 1243 652 art

194 666 392 731 innotatione
407 664 557 743 subjunxit
571 664 609 728 de
619 664 779 729 ommno
792 685 801 726 ε
827 667 880 729 Cet
890 665 1010 732 Aattur
1024 668 1132 743 aioure
1146 667 1242 752 nu‘ilr

93 821 96 827 ¹
186 754 307 811 aiment
329 748 372 811 Its
389 748 467 826 ce'rfs
488 744 527 818 ἓξ
549 748 641 829 qu’ils
659 760 713 808 ant
733 766 774 809 au
797 751 950 807 contraire
973 746 1012 809 de
1027 748 1239 830 I'antipatlrit

180 850 271 911 pour
290 830 332 890 les
348 848 442 910 eoqr:
463 826 551 906 plane
561 826 665 889 falsum
680 826 734 899 est,
757 846 814 888 nec
828 826 864 887 ab
876 823 940 888 ullo
953 839 1088 890 veterum
1102 843 1239 893 autorum

189 908 252 972 tale
274 909 346 987 quid
362 908 502 971 traditum
527 908 576 973 est.
661 909 733 985 Cap.
751 906 806 969 XI.
834 906 855 970 l.
868 911 897 969 6.
920 904 988 974 uiri
1002 908 1034 968 ri
1054 908 1144 977 αὐτῷ»
1162 911 1239 973 male

187 990 305 1053 editum
326 1000 404 1063 erat',
428 987 555 1065 &l.13.
576 986 669 1057 reatin.
753 986 1020 1065 Cap.XIl.·lia.7.
1044 989 1159 1053 editam
1179 1004 1242 1054 erat

186 1071 295 1138 Maluit
311 1068 452 1148 adpetere.
499 1068 550 1130 lin.
567 1088 612 1142 14.
638 1066 746 1136 rtar'rme
760 1066 784 1128 ll
800 1072 846 1128 real
862 1066 996 1146 reposui,
1018 1069 1070 1133 ubi
1092 1085 1179 1134 antea
1195 1080 1241 1143 rai

189 1152 304 1216 deerat.
348 1146 790 1220 l.12.ruieeoi>axtrerlraerirue.
824 1150 972 1226 Winding
985 1163 1133 1214 verterat:
1156 1172 1238 1215 ever·

178 1230 228 1313 fir
267 1230 383 1294 axillis.
407 1231 516 1308 inepte.
553 1224 699 1311 Gesnerus
740 1246 826 1302 ,ron
853 1226 961 1306 enerfir
974 1236 1114 1311 perticis.
1149 1234 1238 1297 etiam

189 1252 279 1374 mast.
301 1308 509 1388 intelliguntur
526 1309 555 1371 h.
576 1308 596 1371 l.
616 1310 676 1371 duo
690 1248 775 1371 orirer
794 1307 1022 1372 semicircularer
1042 1311 1151 1391 lignei,
1197 1315 1239 1376 ui-

188 1395 245 1457 bus
272 1405 333 1454 rete
354 1410 503 1453 annexum
530 1390 622 1453 lraeret
641 1391 702 1463 ita,
732 1402 767 1451 ut
788 1403 914 1469 utroque
941 1388 1053 1453 sursum
1077 1334 1234 1472 propmlo,

112 1543 115 1549 ,
188 1474 322 1553 praedam
339 1473 481 1535 includat.
510 1471 619 1533 Totam
635 1470 776 1533 fabricam
794 1473 951 1547 irinum
974 1471 1068 1533 statim
1091 1473 1237 1552 appellat,

84 1578 94 1591 ·«
186 1554 272 1633 quod
290 1554 407 1631 proprie
423 1565 527 1615 temen
542 1552 622 1613 funis
640 1551 699 1625 est,
719 1570 780 1631 quo
798 1551 884 1614 orbes
899 1551 990 1629 lignei
1001 1554 1117 1615 attratti
1131 1556 1161 1616 vi
1178 1554 1239 1616 sur-

186 1636 256 1697 sum
280 1632 497 1714 propelluntur.
532 1632 577 1695 Ita
600 1650 705 1695 vocem
729 1631 849 1709 usurpat
865 1637 943 1694 Anti
965 1645 1037 1696 ater
1055 1634 1193 1697 Sidonius
1208 1636 1241 1697 in

188 1714 349 1779 Analeilir
369 1720 451 1777 l’oi't.
478 1714 528 1775 Gr.
547 1712 584 1776 T.
596 1712 636 1779 ΙΙ.
658 1732 687 1791 p.
701 1732 746 1774 ro.
775 1712 827 1774 ubi
850 1713 882 1773 in
902 1652 1097 1776 initiamentis
1118 1728 1239 1778 venato-

174 1797 241 1858 .riis
257 1794 359 1873 ponit:
380 1792 491 1862 Κλωέὖς
506 1792 531 1853 τ’
548 1793 733 1867 dapsiliam,
761 1792 923 1862 domuerit
938 1818 967 1854 τε
983 1792 1123 1870 irpaisgoee,
1145 1828 1180 1842 —
1190 1800 1238 1857 uui

187 1880 284 1954 spatie
298 1879 435 1951 τρίκλωςον
455 1876 625 1951 ἶπιπταςτῗρω
641 1872 738 1940 Binan

273 1955 344 2033 Cap.
356 1953 440 2017 xlll.
459 1952 479 2017 l.
496 1974 542 2015 10.
568 1952 742 2032 vulgabatur
760 1952 943 2024 mnlloealre,
967 1953 1235 2034 quodWINmttu

188 2037 296 2100 vertit:
315 2048 507 2117 preparata.
532 2034 712 2097 Gusuerrus
737 2033 899 2112 destinata.
941 2034 993 2096 lin.
1008 2056 1053 2096 ro.
1075 2035 1110 2105 οἷς
1129 2043 1175 2097 καὶ
1193 2034 1238 2098 ile-

189 2116 293 2187 πληγξι
313 2116 374 2176 elur
387 2114 462 2193 ima
474 2116 600 2176 inlunem
614 2114 789 2178 Wrnmuc
800 2116 1022 2193 interpretatur:
1045 2119 1156 2198 quitus
1172 2120 1240 2180 alia

189 2202 263 2260 ouis
282 2197 414 2273 alligata
427 2194 548 2275 inficiet.
570 2194 615 2257 Ita
630 2197 719 2257 etiam
736 2195 881 2258 Gesnerus
899 2216 929 2273 p.
944 2209 1012 2272 581.
1039 2200 1122 2273 cujus
1134 2198 1241 2261 verlro·

118 2342 120 2347 ,
189 2296 264 2341 nem
282 2276 416 2356 servavi,
437 2276 520 2354 quod
544 2274 697 2337 meliorem
715 2276 785 2337 dare
808 2296 943 2353 nequeo,
973 2296 1042 2338 curn
1064 2278 1124 2354 ipse
1146 2298 1239 2356 graeca

191 2357 286 2422 verba
304 2376 366 2418 non
382 2358 506 2435 capiam.
530 2358 576 2417 An
594 2354 716 2433 imum}
731 2355 760 2415 h.
773 2354 793 2416 l.
806 2356 944 2433 laqueus,
961 2356 1041 2434 quod
1056 2357 1237 2421 Gusnurrus

189 2436 311 2502 voluit?
333 2437 399 2517 Ipso
414 2436 509 2499 statim
523 2438 607 2499 initio
622 2435 698 2499 male
712 2436 793 2502 idem
816 2440 962 2515 Gesnerar
976 2435 1067 2504 πάγην
1082 2438 1173 2500 verbo
1192 2438 1242 2500 la..

190 2540 273 2603 queo
289 2520 495 2597 interpretatus
515 2517 572 2585 est,
596 2518 720 2580 nimium
737 2536 791 2595 pro
809 2515 891 2579 sensu
905 2516 935 2577 h.
953 2514 975 2581 1.
995 2537 1080 2596 vago.
1110 2519 1240 2597 Apparet

189 2601 274 2665 enim
291 2598 416 2679 intelligi
432 2614 494 2661 rete
510 2598 625 2661 duobus
639 2596 757 2660 orbibus
772 2596 877 2677 ligneis
893 2595 1058 2673 inclusum,
1076 2600 1167 2677 &per
1183 2612 1240 2662 ter-

189 2702 256 2743 ram
271 2679 407 2754 tensum,
429 2679 525 2758 quod,
548 2679 599 2740 nisr
618 2679 733 2758 egregie
746 2676 858 2751 fallor,
887 2678 1018 2740 ΡιΛυΤΙ
1041 2680 1238 2755 transennam

190 2761 269 2835 elle,
292 2781 373 2822 nune
390 2762 519 2838 primum
537 2779 573 2821 ex
586 2759 616 2822 h.
634 2758 654 2820 l.
672 2758 784 2820 clarum
802 2758 856 2833 fit,
888 2778 1066 2837 magnopere
1085 2761 1165 2821 enim
1182 2758 1237 2822 fat

189 2842 263 2904 litut
280 2844 450 2904 romanas
462 2838 581 2905 Hieroz.
605 2840 642 2901 Τ.
658 2840 696 2902 ΙΙ.
718 2858 747 2917 p.
762 2860 809 2915 90.
837 2840 887 2917 qui
901 2840 1097 2918 transennam
1114 2859 1235 2908 caveam

190 2924 354 2987 vimineum
371 2919 427 2983 effe
443 2919 570 2983 volebat.
604 2919 648 2981 lta
667 2940 737 2985 vero
760 2924 886 2981 Plantas
902 2919 1099 2982 Bacchium.
1117 2937 1166 2983 vr.
1187 2941 1235 2984 21.

190 3024 274 3067 nunc
291 3004 330 3065 ab
350 3001 574 3081 transennalric
589 3002 698 3062 turdus
718 3002 897 3062 lumbricum
910 3007 1006 3081 petit.
1022 3004 1170 3081 pendebit
1185 3004 1241 3063 iro.

191 3086 244 3147 elie
256 3086 371 3165 palere.
402 3080 453 3144 ita
475 3082 595 3143 intendi
612 3094 699 3143 tenus
746 3080 863 3143 Deinde
884 3081 916 3141 in
939 3080 1022 3143 Persa
1038 3082 1087 3143 IV.
1108 3101 1235 3145 111.12.

189 3168 274 3227 lurae
292 3183 347 3241 ego
360 3163 512 3225 hominem
532 3162 624 3223 lrodie
643 3166 675 3223 in
692 3160 897 3240 transennam
907 3162 1000 3223 doliis
1019 3164 1127 3224 ducam
1146 3162 1235 3225 dolis.

189 3246 294 3309 Postea
311 3246 343 3305 in
352 3243 491 3305 Rudente
501 3241 550 3303 IV.
564 3262 590 3319 7.
604 3261 649 3301 ro.
669 3241 754 3319 fiant
765 3243 932 3323 transenna
945 3282 953 3305 .
974 3243 1026 3304 ubi
1040 3241 1241 3327 decipiantur

190 3326 283 3389 dalis.
305 3336 400 3407 atque
419 3324 530 3403 edepol
538 3326 571 3383 ia
585 3339 636 3383 eas
649 3323 832 3403 pleramque
852 3322 920 3401 esea
936 3327 1127 3404 imponitur,
1147 3343 1240 3406 qaam

181 3404 219 3487 fi
234 3411 305 3489 quis
320 3405 433 3467 avidas
445 3403 550 3485 poscit
567 3404 664 3483 escam
680 3407 838 3474 avarirer,
856 3405 1012 3483 decipitur
1021 3409 1052 3465 ia
1065 3408 1241 3485 transenna.

182 3486 327 3551 ,Aliorum
342 3496 480 3546 autorum
502 3482 568 3545 loca
578 3501 675 3560 ,aaa
688 3482 726 3545 ad
743 3481 821 3544 hant
838 3483 1078 3565 srgnificationem
1099 3504 1160 3545 non
1174 3506 1240 3565 per-

195 3570 312 3641 tinent,
333 3565 402 3628 vide
415 3583 462 3643 ap.
479 3567 668 3625 Gronoviam
684 3563 763 3625 Lea.
780 3562 870 3642 Plaut.
887 3584 917 3641 p.
931 3573 998 3639 381.
1022 3563 1123 3625 Tenue
1137 3568 1243 3627 Plauti

192 3648 235 3712 est
256 3646 399 3725 laqueus,
422 3643 470 3708 vel
487 3642 653 3717 funiculus,
676 3656 710 3705 ut
724 3646 803 3705 reete
822 3646 939 3703 Nonius
957 3640 1100 3720 explicam
1122 3643 1173 3706 sed
1193 3664 1245 3706 vo-

195 3748 266 3792 oem
281 3745 450 3807 germanam
468 3724 525 3787 else
548 3741 688 3804 graecam,
719 3724 831 3799 primus
854 3721 1022 3801 Salmastas
1042 3724 1081 3785 ad
1100 3727 1245 3787 Plautum

80 3849 81 3852 =
193 3810 331 3883 monuit,
361 3826 534 3885 comparans
544 3808 645 3877 rium,
667 3806 776 3872 elnon
800 3804 884 3879 cujus
901 3815 1003 3865 tamen
1028 3806 1166 3867 autoritas
1190 3805 1243 3867 nifi

195 3891 278 3970 apud
295 3888 478 3970 Hts‘ycltittm
493 3906 556 3947 non
573 3883 679 3959 exstat,
703 3884 769 3961 quit
792 3887 885 3951 riu&
899 3884 1118 3956 ςεφανδςὲλαινδς
1133 3890 1245 3963 irripere.
1287 3930 1291 3935 .

141 4015 144 4023 .
189 3972 371 4041 mairo:
396 3966 487 4047 qualis
500 3966 659 4029 latinorum
674 3974 783 4027 corona
797 3964 914 4043 palmea
933 3965 1110 4049 lemniscata.
1146 3966 1245 4029 Proni-

194 4070 280 4116 nrum
304 4048 345 4112 est
364 4052 485 4116 arcina,
516 4045 565 4111 vel
582 4044 698 4109 AEolico
716 4048 787 4107 eina
810 4046 940 4110 derivare
957 4046 1082 4109 latinum
1098 4061 1243 4123 tenuere,

193 4153 252 4214 pro
269 4130 410 4204 tendere,
431 4128 513 4191 'unde
530 4140 618 4190 tenus
634 4146 688 4205 pro
704 4126 858 4203 tendoae,
880 4126 1050 4202 tendicula,
1069 4140 1104 4189 ut
1116 4136 1244 4207 grae'cum

193 4218 270 4275 τίνων
286 4226 395 4274 nervus
413 4213 514 4272 aerina
529 4207 571 4269 fit.
610 4206 791 4287 Deceptura
807 4208 963 4272 turdorum
981 4208 1190 4286 antiquillrmus
1206 4208 1246 4271 est

196 4296 283 4358 locus
301 4294 427 4353 Homeri
445 4288 546 4369 Odyll.
564 4288 604 4350 X.
625 4296 694 4363 468.
718 4308 806 4371 quem
830 4292 991 4371 Oppianus
1007 4288 1135 4351 Halieut
1152 4289 1175 4351 I.
1195 4308 1245 4367 34.
1359 4329 1369 4333 -

174 4371 344 4453 ,expressa
378 4370 414 4433 In
432 4371 492 4433 fine
515 4369 618 4446 capitis
636 4371 828 4431 nominantur
853 4371 959 4445 villar,
990 4390 1052 4448 qua
1070 4371 1102 4430 in
1123 4372 1247 4448 Gesneri

196 4457 307 4521 codiee
323 4454 420 4526 rosilon
435 4450 624 4530 legebantur,
653 4462 687 4511 ut
704 4450 764 4527 ipse
783 4449 901 4513 testatur
919 4472 948 4530 p.
961 4458 1030 4527 694.
1053 4450 1134 4512 unde
1157 4452 1248 4513 male}

195 4540 250 4603 b'tt
263 4550 410 4613 reponere
425 4535 448 4595 el
461 4534 569 4606 nullan
589 4530 754 4596 Etruriae
766 4530 805 4595 Η.-
818 4533 853 4676 l:
860 4528 910 4627 ll.
927 4551 952 4608 ς.
966 4529 1067 4609 tamin
1076 4532 1142 4610 *mir
1155 4533 1251 4606 etgar
1274 4594 1277 4599 .

844 4630 914 4678 112
