3175 5434
400 479 489 562 206
750 452 1097 572 osets'rtr

457 639 540 694 110.
567 617 661 690 lllias
679 617 875 690 sutemalio
893 631 1050 708 tempore
1068 617 1107 687 in
1120 609 1209 686 feras
1228 609 1448 706 proficiscan-

404 734 484 806 tur,
511 717 567 788 die
582 721 748 806 ineunte,
777 716 884 788 &die
901 709 1067 797 cadsnte,
1087 713 1267 798 Remedio,
1283 737 1450 788 nonnun-

403 801 512 914 quam
526 813 740 910 vespertino,
765 839 1022 908 nonnunquam
1034 816 1137 885 etiam
1157 811 1247 888 seras
1267 811 1332 888 sub
1343 813 1448 884 radiis

305 937 307 942 ’
407 917 592 1014 lunaribus
612 917 837 992 domuerunt.
888 918 975 988 Dies
992 913 1134 1010 quidem
1149 913 1366 1008 protrahitur
1382 916 1452 985 uti-

407 1017 452 1088 lis
478 1019 664 1098 venatori,
700 1032 774 1088 tots
799 1012 925 1100 serena„
942 1013 986 1086 ad
1015 1032 1171 1107 perpetes
1192 1011 1333 1098 cursus,
1368 1036 1452 1085 vere

406 1099 593 1198 frondoso,
620 1111 753 1189 &solia
775 1115 972 1188 decutiente
985 1133 1167 1187 autumno.
1202 1117 1347 1209 Egregie
1357 1116 1453 1186 enim

411 1211 493 1300 sunt
519 1218 690 1309 &equis,
733 1211 1012 1297 &hominibus‚
1058 1216 1092 1286 dt
1110 1212 1254 1286 canibus
1275 1212 1376 1288 saevis
1410 1212 1453 1284 ad

414 1315 626 1390 currendum
645 1314 822 1388 moderata
837 1332 993 1408 tempore
1011 1337 1093 1388 vere
1108 1339 1233 1394 aureo,
1258 1314 1454 1407 gelidarum

414 1416 566 1489 nubium
585 1412 782 1507 expulsore,
809 1416 951 1509 quando
968 1408 1097 1488 nutritis
1110 1433 1269 1506 apertum
1286 1415 1336 1486 est
1354 1417 1455 1488 navi-

406 1513 579 1610 'gantibus
593 1538 707 1598 mare,
741 1514 820 1588 alba
840 1514 1075 1609 pandentibus
1091 1515 1323 1587 velivolarum
1343 1539 1454 1590 arma·

412 1636 531 1691 menta
551 1619 717 1688 navium:
754 1615 896 1708 quando
911 1634 1004 1687 terra
1028 1613 1234 1687 hominibus
1253 1614 1377 1708 stirpes
1398 1641 1455 1688 co·

411 1716 566 1788 lentibus
585 1716 729 1810 gautlet:
767 1716 909 1808 quando
925 1719 958 1788 ἃ
976 1715 1153 1808 calycibus
1173 1717 1206 1788 ἃ
1224 1712 1374 1794 floribus
1391 1742 1456 1786 no-

414 1815 478 1888 dos
505 1815 620 1894 solvit.
667 1832 729 1890 eut
750 1812 868 1889 rursus
893 1834 1048 1890 extremo
1075 1815 1271 1891 autumnali
1288 1813 1454 1900 solstitio,

416 1917 556 2008 quando
583 1917 707 1989 domus
729 1915 832 1988 floret
854 1915 987 1990 fruslus
1010 1916 1155 2010 legentis
1176 1917 1355 2007 agricolae:
1382 1913 1455 1988 sru-

417 2019 492 2088 trus
506 2019 676 2089 Minervae
689 2021 855 2109 pinguem
869 2015 1010 2110 quando
1019 2016 1157 2088 alveum
1167 2017 1302 2106 implet,
1316 2022 1350 2090 ἂ
1359 2019 1456 2100 (vin.

316 2117 318 2123 ’
415 2115 605 2211 demiator)
624 2141 730 2190 uvam
746 2119 875 2190 vitium
899 2120 1031 2190 calcans
1048 2117 1087 2188 in
1104 2117 1270 2189 torculari
1286 2114 1455 2190 exsultat:

417 2217 566 2288 alvearia
599 2241 704 2308 apum
732 2217 873 2308 quando
904 2215 1021 2288 floridi
1044 2215 1118 2288 savi
1139 2213 1276 2309 stipant.
1330 2219 1457 2292 Hiems

416 2334 534 2390 autem
549 2315 679 2406 media,
701 2316 817 2390 medie
830 2311 886 2388 die
900 2333 1067 2390 venatum
1078 2339 1154 2386 eas:
1178 2340 1265 2408 cum,
1277 2318 1408 2411 aliquis
1419 2323 1456 2391 in

418 2411 527 2508 sylvis
557 2413 624 2488 snb
645 2435 785 2490 antrum
805 2414 839 2488 se
856 2418 1051 2509 resipiens,
1084 2399 1267 2490 sorbitibus
1282 2421 1455 2504 collectis,

419 2521 453 2590 ἃ
472 2516 573 2590 brevi
588 2517 724 2589 flamma
742 2517 935 2599 cumulata,
955 2541 1062 2610 prope
1080 2520 1199 2610 ignem
1224 2521 1453 2602 recumbens,

418 2617 561 2690 instruit
578 2617 762 2710 prandium
779 2620 941 2712 lignator.
995 2620 1042 2689 A:
1062 2617 1175 2690 aestate
1191 2638 1333 2710 oportet
1347 2625 1458 2696 vitare

417 2717 593 2790 flammeas
609 2721 740 2802 minas,
763 2720 994 2810 ardoremque
1018 2713 1110 2790 solis.
1151 2718 1268 2805 Jubeo
1283 2738 1405 2794 autem
1420 2726 1459 2796 iu
1507 2721 1510 2759 s

420 2837 596 2892 certamen
610 2821 731 2892 venire
749 2822 903 2912 primurn
921 2815 984 2890 sub
1003 2816 1219 2906 diluculum,
1235 2820 1381 2914 quando
1391 2846 1459 2894 ms·

420 2943 468 2989 ne
487 2918 606 2991 rustici
629 2935 807 2992 temonem
831 2915 948 2992 subter
965 2913 1028 2988 sub
1046 2911 1265 2996 affabrebsla
1285 2919 1375 2995 stiva
1394 2942 1460 2996 ter.

420 3039 496 3090 ram
517 3014 740 3110 proscindens
758 3018 917 3111 juvencis
939 3035 1093 3110 aptatum
1111 3018 1270 3111 dirigunt
1292 3040 1457 3100 manum.

377 3171 379 3174 .
420 3137 485 3191 aut
500 3113 637 3190 rursum
652 3116 803 3212 vesperi,
834 3118 974 3210 quando
989 3115 1040 3189 sol
1059 3122 1142 3216 juga
1167 3117 1294 3202 fleuit,
1321 3126 1460 3216 quando

425 3217 510 3289 dant
531 3215 664 3311 slgnum
683 3215 751 3290 suis
775 3220 938 3312 gregibus
963 3218 1131 3310 pastores,
1158 3243 1240 3290 cum
1260 3223 1400 3339 (edunt
1419 3223 1460 3294 ad

424 3314 486 3389 sua
506 3315 642 3388 rursum
660 3318 789 3390 stabula
805 3343 926 3412 gratus
946 3321 1126 3402 mammis,
1162 3322 1195 3391 dt
1217 3319 1389 3395 uberibus
1407 3349 1462 3395 ex-

317 3459 319 3466 ι
425 3416 619 3490 undantes:
645 3420 698 3488 illi
718 3437 835 3518 autem
853 3442 873 3490 a
889 3418 1030 3511 lapideis
1048 3417 1260 3513 trepidantes
1279 3420 1463 3514 prosiliunt

426 3516 542 3612 septis,
555 3515 741 3611 omnesque
751 3523 883 3592 circum
894 3516 970 3591 suas
989 3517 1108 3592 charas
1118 3518 1308 3594 lasciviunt
1316 3541 1460 3608 matres,

355 3687 359 3694 r
424 3622 557 3692 circum
580 3618 721 3712 quidem
745 3620 967 3713 magnoculas
995 3624 1162 3719 juvencas
1185 3637 1302 3695 truces
1331 3626 1459 3706 vituli,

325 3753 328 3757 ·
416 3722 558 3804 circum
575 3743 660 3792 vero
688 3727 885 3813 cornigeras
908 3744 992 3791 oves
1015 3717 1170 3792 balantes
1189 3724 1293 3815 agni,
1319 3726 1463 3797 circum-
1498 3744 1499 3755 ¹

332 3907 333 3910 Ἴ
425 3844 495 3915 que
511 3843 627 3913 capras
644 3818 757 3903 hoedi,
785 3824 819 3893 ἃ
832 3823 964 3892 circum
977 3843 1083 3912 equas
1097 3824 1234 3894 veloces
1252 3827 1408 3916 equulei:

481 4060 564 4135 147.
590 4043 665 4134 Jem
680 4067 766 4115 vero
773 4045 886 4118 haecce
893 4040 1007 4115 serant
1018 4042 1061 4114 sd
1073 4060 1209 4115 montes
1221 4038 1392 4138 saltusque
1407 4044 1465 4118 ad-

429 4142 678 4216 ministratores
693 4144 824 4219 strenui
842 4146 1038 4216 venationis
1058 4141 1199 4213 illustris
1213 4144 1463 4227 instrumenta.

428 4265 591 4336 armaque
603 4247 796 4317 venaticam
812 4246 962 4318 multum
977 4240 1138 4336 spirantia
1147 4243 1288 4326 caedem,
1298 4250 1464 4340 retiaque,

428 4340 625 4436 varosque,
659 4341 780 4434 calses,
814 4345 1012 4435 nexiliaque
1037 4344 1188 4425 vimina,
1217 4348 1466 4438 ingentemque

428 4441 617 4534 panthera,
641 4440 914 4540 laqueorumque
929 4441 1044 4517 tristes
1057 4466 1194 4528 steros,
1221 4441 1397 4540 spiculum
1409 4449 1467 4520 tri-
