3175 5434
372 469 445 574 νῆ
723 473 1080 555 inerrata

376 609 511 702 proxime
530 615 718 698 proditurum
736 615 808 692 eise,
830 616 882 680 sed
894 637 1007 703 nomen
1021 615 1265 695 illudnunquanr
1280 613 1415 682 exsolvis

376 723 489 789 bidinae
512 722 629 802 vestigia
647 722 734 784 nimis
754 719 909 801 religiose,
939 741 1027 798 quam
1052 719 1184 796 vellem,
1208 721 1308 798 preffit
1321 741 1416 800 graeca

378 829 626 910 Cynegedcorum
645 827 735 888 editio
744 823 903 888 Paribensrs
916 825 996 902 apud
1003 822 1197 888 vascosanum
1214 845 1300 901 1549.
1310 828 1342 886 in
1349 838 1412 899 atat

377 953 442 1012 quae
457 933 539 994 amni
560 929 609 994 vel
626 930 804 1008 praefationis
820 928 870 992 rel
888 929 1085 990 annotationis
1107 928 1178 990 dote
1202 942 1298 1004 earet,
1329 931 1363 990 in
1377 948 1415 992 eo

333 1102 335 1108 ,
375 1035 480 1098 saltem
498 1031 655 1111 exemplo,
679 1033 758 1112 quod
769 1053 809 1095 err
819 1031 1002 1100 Bibliotheca
1015 1032 1107 1111 Regia
1118 1032 1314 1112 Goettingenfi
1331 1046 1417 1096 uten-

379 1140 454 1204 dum
469 1138 543 1200 milri
554 1136 684 1216 permifit
703 1139 757 1198 Cb.
776 1139 870 1202 Gott.
891 1140 1015 1220 Haurit,
1046 1155 1137 1216 quern
1151 1136 1314 1200 studiorum
1335 1156 1419 1200 mea·

378 1263 446 1308 rum
461 1241 628 1322 magistrum
641 1243 669 1303 dr
681 1240 846 1315 fautorem,
864 1242 941 1304 dum
957 1243 1070 1316 vivam,
1092 1240 1198 1302 amabo
1212 1244 1242 1304 da
1256 1254 1354 1320 gratus
1369 1262 1417 1306 rea

377 1347 512 1422 nerabqr.
549 1347 693 1424 Equidem
710 1344 785 1406 nibil
797 1345 838 1406 ibi
854 1347 1044 1424 novipraeter
1060 1343 1172 1423 aliquot
1185 1343 1332 1424 scripturae
1346 1347 1418 1408 vitia

377 1452 490 1532 reperi,
514 1451 617 1529 quibus
630 1449 736 1512 Aldina
746 1448 834 1512 lectio
845 1452 936 1530 magis
948 1449 1100 1512 obscurata
1113 1450 1186 1526 fuit3
1201 1464 1332 1514 nectam
1347 1471 1420 1512 con-

377 1555 441 1616 idio
455 1575 522 1618 meo
533 1574 630 1640 quarn
645 1553 710 1616 e'asu
719 1554 840 1616 ‚intirim
858 1553 916 1628 est,
937 1566 972 1616 ut
983 1555 1016 1615 in
1032 1555 1270 1618 annotationibus
1283 1554 1420 1617 Vascosa-

377 1679 464 1733 nam,
491 1657 581 1722 semel
603 1657 764 1732 ebenr‚'.fi
783 1656 860 1719 bene
882 1658 1025 1731 memini,
1052 1658 1270 1720 Turnebianam
1287 1661 1418 1738 priorem

375 1781 582 1826 memorarem.
604 1763 665 1824 Nisr
679 1763 761 1824 enim
773 1760 967 1824 vehementer
982 1760 1085 1834 fallor,
1101 1762 1274 1826 Turnebum
1284 1775 1419 1826 autorem

375 1867 467 1932 habet
488 1866 647 1930 Vascoiana
670 1865 760 1930 editio
775 1888 787 1940 ·;
812 1866 892 1954 quod
911 1865 1048 1944 colligere
1065 1865 1137 1928 licet
1150 1885 1187 1928 ex
1201 1866 1417 1944 admonitione,

373 1991 467 2050 quarn
493 1972 659 2032 Hadrianus
681 1971 837 2033 Turnebus
852 1971 966 2046 adjecit
977 1972 1109 2034 varietati
1131 1969 1263 2032 lediionis
1280 1972 1314 2031 in
1335 1971 1418 2034 calce

376 2075 518 2138 editionis
535 2073 607 2148 suae,
630 2094 694 2151 quae
708 2073 816 2135 Parisiis
836 2095 924 2148 1555.
939 2076 1057 2152 prodiit.
1087 2074 1132 2136 lbi
1149 2095 1219 2137 vero
1233 2074 1297 2136 hac
1316 2075 1419 2155 legun

374 2190 440 2242 tur:
475 2179 596 2259 Septem
610 2180 723 2240 ablrin'c
738 2181 829 2239 arinis
852 2180 964 2242 leuiter
985 2180 1217 2242 ernendmrcram
1240 2182 1417 2260 Oppianum

372 2285 415 2346 de
435 2286 626 2355 licitatione,
644 2286 767 2362 partim
787 2286 886 2344 animi
901 2266 1096 2359 comedero,
1113 2288 1235 2363 partim
1248 2285 1323 2346 libri
1335 2297 1419 2347 vete-

374 2392 421 2449 ris
431 2406 499 2467 ope.
529 2387 587 2448 das
602 2387 828 2448 emendationes
845 2387 972 2467 qnidam
988 2387 1176 2467 usurpavit,
1197 2384 1309 2464 &sibi
1324 2389 1419 2453 dona-

371 2496 451 2564 uit,
474 2510 552 2572 qaas
568 2503 671 2553 tamea
683 2509 745 2552 non
754 2491 911 2570 putabam
930 2495 1036 2564 tanti,
1063 2502 1103 2552 rit
1122 2494 1156 2551 ira
1170 2489 1312 2566 furtivis
1329 2494 1417 2554 rebus

374 2595 437 2673 effa
464 2596 616 2658 deberent.
659 2596 722 2656 Eas
743 2613 764 2654 a
786 2595 872 2654 nobis
886 2595 1065 2656 vindicatas
1084 2592 1337 2675 &recuperatas
1360 2597 1419 2677 effic

374 2716 464 2760 nemo
487 2703 632 2780 conqueri
648 2699 776 2763 debebit.
812 2700 882 2760 Noa
901 2719 948 2760 me
961 2699 1042 2758 latet
1055 2699 1156 2760 adlatae
1171 2699 1285 2760 maltos
1302 2701 1361 2778 affe
1374 2703 1420 2762 lo·

373 2821 427 2863 eas
450 2803 635 2880 maculosos,
664 2821 739 2883 quos
767 2801 838 2861 aliis
853 2802 1061 2863 >emendandos
1083 2803 1232 2882 relinquo.
1266 2805 1419 2886 quasdam

373 2901 475 2966 letiam
492 2905 627 2967 Iadionis
645 2908 834 2976 varietates,
852 2905 1111 2986 quorumdamque
1129 2925 1265 2972 errorum
1279 2910 1419 2973 carenda-

373 3013 475 3070 tiones
489 3009 683 3089 praescribere
704 3007 807 3086 visam
820 3005 870 3085 est.
908 3008 978 3069 Non
988 3010 1112 3087 ignoro,
1138 3030 1285 3087 quaecum
1299 3011 1349 3074 alii
1365 3015 1419 3076 viri

373 3113 459 3174 dotti
474 3111 510 3173 ab
524 3114 595 3176 Alb.
608 3112 754 3174 Fabricio
770 3114 1012 3188 commemorati,
1034 3125 1098 3178 nrm
1111 3095 1244 3192 inprimis
1251 3115 1420 3194 Meaagias

378 3216 412 3276 in
426 3215 502 3277 libro
520 3215 678 3294 praeclaro,
701 3218 803 3277 Anti·
817 3217 944 3290 diridet,
964 3217 996 3282 P.
1009 3217 1034 3282 Ι.
1052 3219 1208 3296 cap.XlX.
1228 3220 1265 3281 de
1280 3221 1351 3283 furti
1366 3223 1421 3284 cri-

375 3321 560 3393 minatione,
581 3339 639 3396 qua
656 3319 812 3385 Turnebus
828 3319 877 3380 hic
894 3322 947 3392 Jo.
969 3321 1138 3397 bodinum,
1160 3323 1417 3404 Andegavensenr,

321 3427 322 3432 ’
376 3423 478 3502 (cujus
494 3423 696 3502 interpretatio¹
717 3425 839 3485 metrica
858 3422 948 3486 latina
970 3443 1039 3486 cum
1061 3429 1278 3490 commentario·
1299 3429 1420 3508 copioso

368 3531 455 3609 apud
472 3527 667 3591 Vascosanum
675 3527 798 3590 Lutetiae
815 3547 893 3590 anno
907 3548 995 3603 1554.
1005 3529 1038 3590 in
1051 3541 1113 3602 4to.
1129 3531 1251 3608 prodiit)
1260 3534 1421 3610 perfudilie

371 3635 500 3708 dicitur,
533 3633 774 3708 existimaverim
804 3652 862 3695 nec
888 3631 994 3694 desunt
1005 3633 1101 3696 etiam
1120 3634 1215 3700 nostra
1235 3647 1319 3702 atate
1345 3640 1419 3717 viri,

370 3740 425 3816 qui
443 3739 515 3800 darn
535 3737 588 3798 fibi
604 3736 720 3816 aliisque
739 3739 819 3799 dotti
834 3738 929 3800 videri
948 3735 1069 3810 volunt,
1100 3751 1247 3817 concepto
1272 3740 1421 3806 scribendi

298 3909 300 3914 ,
370 3842 513 3917 oonsilio,
535 3841 629 3903 statim
647 3843 785 3920 quicquid
799 3841 853 3904 'sub
866 3861 989 3903 manum
1002 3842 1134 3917 venerit,
1152 3856 1227 3904 noto
1239 3837 1308 3907 satis
1327 3867 1422 3926 appe-

373 3948 475 4010 tentiae
489 3948 521 4007 in
534 3946 651 4008 feminis
666 3945 810 4008 cientibus
826 3946 980 4025 exemplo,
1003 3948 1035 4008 in
1055 3945 1141 4008 rebus
1157 3947 1270 4048 furtivis
1287 3948 1420 4030 habent3

301 4109 304 4114 .
371 4052 426 4116 ted
442 4051 532 4115 velim
551 4051 625 4112 mihi
643 4051 745 4130 aliquis
761 4050 985 4119 commonstret,
1008 4070 1142 4130 quisnam
1160 4051 1308 4118 atinam
1321 4059 1423 4134 priore
1503 4116 1504 4119 ,

369 4155 508 4221 'Turnebi
530 4157 661 4219 editione
676 4152 725 4220 seu
743 4155 925 4232 Vascosanaq
953 4175 1016 4233 quae
1036 4154 1151 4219 Rodino
1163 4158 1242 4221 tanti
1259 4159 1429 4253 uideri=p07
1503 4146 1504 4181 ³

374 4260 502 4334 wirnt,
518 4272 559 4322 -ut
571 4261 706 4323 vnmnae
725 4261 879 4322 maniam
900 4260 1059 4324 varanna
1081 4263 1258 4341 aaaron
1272 4256 1424 4331 raum

295 4376 300 4382 ·
359 4359 511 4428 ‘auderet
533 4363 677 4440 Equidem
696 4367 770 4427 tanti
784 4366 847 4428 riri.
858 4365 1018 4428 candorem
1028 4373 1155 4444 argriere'
1169 4385 1231 4428 non
1242 4367 1425 4446 subm-sed

374 4463 499 4533 amnem
516 4466 615 4532 liniis
637 4468 982 4552 rraligaidufpicionem,
1014 4490 1104 4549 quam
1118 4466 1154 4532 iir‘
1168 4470 1309 4538 Tumebo
1330 4483 1426 4556 auget

1199 4576 1428 4648 inimicitiarum

1503 4014 1504 4072 l

1500 4184 1504 4277 ὦ

1500 4500 1503 4589 l
