3175 5434
268 484 800 592 ..pertulerunt
831 488 951 586 'nin
982 527 1021 588 r·
1101 480 1187 617 eri

144 649 230 732 ‘elrer
259 619 633 750 alpetru‚7motlisque
659 637 702 722 ad
724 649 918 734 serendum,
942 624 1040 726 faeile
1061 680 1190 748 ‘parent

140 759 316 837 habenae,
343 770 486 851 argutus
509 755 649 846 quidem
668 757 799 843 capite,
828 777 950 824 verum
963 752 1091 826 ¹densus
1108 783 1190 850 pro·

88 959 92 964 Ι
145 858 257 932 sunda
277 853 362 948 juba
375 859 417 928 in
430 857 585 936 cervice,
606 849 760 948 gloriose
776 856 943 946 utrinque
960 855 1187 956 flavasjubas

150 959 293 1052 jarlans.

197 1185 284 1256 3¹5·
307 1165 532 1254 'Qrinetiam
547 1162 646 1236 aliud
662 1187 774 1260 genus
784 1161 953 1236 'decorum
971 1155 1189 1252 videnum.

145 1264 319 1348 feulosum,
331 1259 570 1355 conspicuum,
581 1289 669 1356 quos
684 1285 833 1357 orynges
848 1285 994 1356 vocant,
1009 1267 1079 1342 five
1093 1269 1188 1362 quod

151 1359 449 1458 pulchricomisin
470 1365 650 1438 montibus
671 1367 908 1457 proveniunt,
931 1361 1004 1439 sive
1020 1371 1116 1462 quod
1133 1367 1188 1442 so-

84 1541 85 1544 ,
149 1471 226 1540 lent
245 1465 392 1538 seminas
416 1456 525 1558 usque
550 1483 720 1560 appetere.
767 1463 856 1541 Duae
878 1483 991 1537 autem
1011 1493 1190 1562 oryngum

148 1565 282 1640 floridae
298 1558 381 1638 sunt
403 1562 542 1658 species.
590 1568 728 1657 Qrippe
745 1563 805 1635 alii
815 1567 1010 1655 cervicem,
1038 1572 1074 1641 a
1090 1571 1186 1640 crine

143 1665 277 1738 deeora
298 1667 366 1736 lata
390 1682 489 1760 terga
508 1666 601 1757 pitia
615 1663 755 1736 liabent
767 1664 885 1757 'longis
901 1666 1027 1738 erebro
1049 1670 1187 1752 taeniis,

142 1763 443 1860 quemadmodum
458 1765 586 1858 tigres,
617 1765 720 1836 velox
732 1764 1018 1859 :celeriszephyri
1035 1764 1186 1841 soboles.

147 1869 220 1940 Alii
239 1883 357 1938 autem
377 1865 540 1936 rotundis
560 1869 601 1938 in
618 1865 744 1938 'orbem
760 1864 940 1936 variantur
958 1867 1101 1942 maculis
1109 1892 1188 1941 τοτε,

149 1965 223 2037 bris
240 1963 394 2036 fimiliter
412 1989 450 2036 ac
463 1961 581 2058 pardi:
622 1989 712 2058 quos
726 1962 840 2036 adhuc
857 1967 974 2055 pullos
993 1971 1188 2060 pinxerunt
1274 2040 1276 2045 ,
1370 1979 1373 1982 ’

143 2063 301 2138 artifices
315 2067 402 2147 viri,
421 2063 592 2138 candente
605 2089 670 2138 aere
681 2068 829 2160 longum
839 2063 953 2156 pilum
964 2071 1158 2141 inurentes·
1260 2105 1265 2115 ·

115 2258 119 2270 ¹
178 2273 302 2371 327(
315 2279 415 2370 ‘Saepe
436 2277 538 2348 etiam
557 2279 624 2348 alia
640 2277 805 2350 mortales
820 2274 1034 2352 solertissima
1047 2280 1191 2375 excogi-

150 2394 291 2459 tarunt,
302 2377 443 2470 pullum
451 2395 494 2448 ut
513 2381 716 2472 pingerent,
745 2384 935 2450 etiamnum
948 2380 986 2448 in
996 2401 1100 2452 utero
1114 2405 1188 2452 ma-

143 2482 213 2550 ·tris
229 2495 401 2570 agentem.
436 2479 476 2549 Ο
498 2497 626 2570 quanta
644 2477 803 2559 solertia,
824 2495 956 2570 quanta
979 2481 1187 2552 mortalibus

149 2577 239 2651 inest
257 2579 375 2648 mens!
399 2578 1206 2672 Faciuntquomodoeunquevolunt‚reddunt.

147 2675 378 2750 versicolores
396 2701 524 2770 equos,
551 2681 670 2749 matris
685 2675 803 2749 adhuc
824 2679 937 2750 laneis
957 2681 1018 2771 qui
1036 2683 1188 2776 coneipi-

146 2796 260 2851 untur
272 2775 391 2849 ilibus.
418 2777 573 2865 Qtando
589 2783 688 2850 enim
706 2775 888 2850 foeminam
902 2776 1052 2871 pervasrt
1070 2778 1187 2850 libidi-

84 2928 87 2940 μ
145 2883 203 2951 nis
220 2881 391 2968 impetur,
414 2901 544 2969 equum
561 2898 677 2950 autern
689 2901 794 2969 prope
809 2877 996 2951 vadentem
1009 2879 1187 2972 inclytum

140 2979 410 3072 :magnanimum
434 2982 613 3070 exportat,
635 2996 731 3050 ‘tunc
753 2979 906 3070 pingunt
934 2982 1096 3051 maritum
1114 2976 1185 3050 sor-

143 3075 306 3150 mosum:
328 3077 486 3170 undique
506 3097 623 3150 autem
640 3095 753 3150 totum
776 3103 901 3171 corpus
919 3077 1098 3156 maculofis
1119 3081 1186 3152 cir-

144 3203 230 3252 cum
247 3177 424 3249 coloribus
440 3177 633 3259 delineant,
647 3182 694 3250 ’ἃ
712 3175 754 3248 ad
771 3182 903 3249 coitum
916 3178 1094 3252 adducunt
1109 3177 1185 3253 for·
1305 3192 1308 3198 “

142 3271 204 3354 ma
216 3275 484 3372 superbientem.
510 3281 561 3353 Ut
575 3301 659 3350 vero
679 3273 872 3350 adolescent
890 3278 933 3350 ab
953 3279 1185 3352 ornatricibua

125 3377 357 3476 :mulieribus
382 3379 534 3451 vestibus
554 3377 740 3465 candidu,
779 3377 975 3451 &fioribus
998 3381 1185 3472 purpureis

143 3479 360 3560 redimitur,
392 3475 588 3572 spiransque
617 3477 835 3552 Palaestinum
864 3495 1108 3571 unguentum,
1142 3482 1198 3550 in

143 3578 342 3651 thalamum
366 3577 491 3661 vadit,
524 3581 668 3672 Hymen
693 3576 916 3670 hymenaeum
943 3593 1101 3671 cantans:
1137 3575 1185 3650 sie

139 3701 284 3772 *equum
301 3695 541 3770 properantem
558 3675 705 3772 nuptiali
724 3701 804 3748 eum
821 3677 963 3748 hinnitu
981 3679 1053 3770 (lle)
1069 3701 1186 3750 coram

143 3777 208 3852 sua
228 3776 377 3870 conjuge
393 3773 607 3871 spumantem
625 3776 792 3852 illustrem
811 3778 997 3865 maritum,
1025 3778 1086 3849 diu
1102 3780 1187 3851 reti-

142 3893 238 3952 nent
264 3879 334 3946 cari
362 3879 528 3970 cupidum
553 3882 686 3960 coitus:
712 3877 851 3950 tandem
866 3894 982 3948 tamen
1004 3875 1187 3950 dimittunt

142 3976 336 4050 amabilem
351 3980 388 4047 in
400 3977 629 4070 complexum.
660 3979 709 4052 Ea
723 3995 840 4050 autem
853 3975 994 4070 gravida
1011 3975 1096 4048 satta
1114 4001 1201 4068 ma·¹
1282 4027 1286 4031 ,
1345 4036 1353 4059 p

139 4073 307 4151 veulosum
320 4078 434 4171 gignit
449 4079 603 4172 pullum,
627 4094 729 4152 utero
752 4081 869 4149 mariti
892 4075 1057 4148 foecundo
1082 4074 1184 4150 semi-

144 4203 192 4252 ne
210 4175 354 4260 hausto,
381 4197 517 4273 accepta
534 4202 617 4253 vera
631 4175 742 4250 forma
762 4174 934 4250 discolore
945 4176 1070 4266 oculis.
1153 4179 1167 4195 “

133 4453 136 4458 .
171 4383 175 4393 ’
203 4393 288 4476 348.
327 4377 457 4452 Eadem
479 4355 658 4456 etiamilli
678 4379 808 4475 quibus
830 4383 950 4454 calami
973 4403 1063 4454 curae
1082 4339 1203 4469 suntp„¹

144 4485 396 4580 [excogitarunt
411 4478 528 4559 solerti
546 4485 688 4579 ingenio
703 4506 874 4654 mappas,
898 4481 1038 4577 quando
1051 4483 1187 4556 variant

864 4601 889 4665 2
