3175 5434
396 585 482 668 224
741 578 1092 650 orr1nu1

395 718 582 788 innumera
593 709 801 785 turbaverit
819 708 999 784 circundat
1016 708 1211 784 truculenta
1222 706 1430 802 serpentum.

396 818 492 889 Tum
510 813 616 906 igitur
641 807 818 903 oppreffur'
833 808 1176 881 restitit-vehementi
1198 807 1359 882 subadtus
1377 834 1433 880 ne-

399 913 568 987 oelfitate:
595 911 798 1002 manditque
817 933 877 980 ore
896 907 1035 980 infinita
1054 907 1189 980 hostilia
1207 934 1354 1004 genera:
1381 934 1435 1001 ge-

321 1013 327 1022 ’
398 1011 543 1086 miscens
575 1033 660 1083 vero
695 1008 877 1082 doloribus
902 1005 1184 1100 quoquoversum
1214 1022 1379 1103 utraque*
1394 1031 1435 1079 ex

398 1127 495 1207 parte
515 1111 717 1204 neutiquam
733 1105 871 1204 fugiens
895 1132 1005 1201 genus
1024 1109 1145 1199 reptile
1164 1110 1345 1204 profligat:
1382 1133 1437 1180 ve·

399 1236 479 1286 rum
501 1209 645 1282 illinon
663 1211 866 1290 remittunt,
892 1203 948 1280 sed
969 1225 1153 1301 pereuntes
1166 1213 1269 1280 etiarn
1279 1228 1433 1298 manent,

399 1311 615 1403 intrepidum
632 1313 750 1401 ptdlus
768 1306 935 1380 habentes
951 1305 1166 1400 impudentia
1183 1317 1303 1391 animi,
1315 1311 1350 1381 ἃ
1362 1334 1433 1400 par·

400 1401 467 1486 tim
484 1410 624 1505 quidem
650 1409 748 1482 malis
774 1409 899 1492 laniat,
932 1411 1059 1503 partim
1075 1406 1220 1500 pedibus
1244 1417 1278 1486 δι
1294 1413 1435 1504 ungulis
1500 1404 1501 1413 '

400 1512 591 1586 interimit:
618 1507 821 1582 duitautem
834 1512 1010 1581 interram
1020 1504 1160 1581 infinita
1168 1504 1278 1586 sanies
1294 1529 1436 1582 eruenta
1500 1576 1501 1581 ,

400 1612 445 1686 ab
464 1635 505 1684 an
533 1609 653 1684 uibus:
688 1607 843 1682 membra
862 1619 979 1699 autem
993 1604 1144 1708 ferarum
1162 1610 1324 1707 artusque
1340 1608 1438 1702 semi·

335 1726 338 1732 '
402 1636 531 1786 conred
556 1709 867 1803 humipalpitant:
896 1711 962 1780 alia
983 1710 1098 1780 autein
1119 1711 1160 1780 in
1184 1711 1352 1784 lateribus
1373 1707 1438 1782 fert

403 1809 543 1884 rursum
558 1807 775 1883 semilaniata.
802 1811 941 1902 Qrippe
954 1800 1058 1880 etiam
1074 1814 1438 1884 mortuitenentacri·
1498 1799 1501 1918 l

404 1913 474 1985 bus
490 1910 675 1984 dentibus:
711 1911 784 1982 cuti
806 1927 922 2007 autem
942 1905 1148 1981 inhaerentia
1169 1916 1280 2005 capita
1298 1909 1370 1985 sola
1394 1913 1438 1983 la·
1498 1926 1501 1987 l

291 2099 294 2106 Ι
405 2028 493 2086 tent.
520 2013 567 2084 At
579 2012 635 2081 ille
650 2007 757 2082 sciens
777 2008 947 2080 divinitus
961 2006 1055 2101 quod
1070 2006 1211 2083 sortitus
1228 2013 1276 2086 est
1292 2014 1436 2096 donum,

406 2107 527 2206 paffim
552 2109 735 2203 investigat
758 2106 977 2180 tenebrosum
1000 2107 1101 2180 fluvii
1121 2115 1304 2206 gurgitem.
1343 2107 1438 2190 illinc
1500 2147 1501 2215 q

408 2212 577 2284 cancellos
596 2206 666 2282 suis
679 2209 780 2281 malis
797 2208 982 2290 mandens,
1007 2207 1317 2296 medicamentum,
1345 2215 1439 2309 quod
1500 2218 1501 2227 ’

407 2329 533 2384 matura
556 2334 635 2382 eunt
650 2308 785 2390 docuit,
813 2305 919 2399 habet
932 2309 1080 2382 exitialis
1095 2335 1205 2384 noxae.
1241 2318 1366 2399 Statim
1380 2341 1438 2389 au.

407 2430 479 2483 tem
505 2410 705 2482 acerbarum
730 2402 872 2503 quidem
895 2411 934 2480 in
960 2425 1085 2481 terram
1110 2413 1266 2506 reliquiae
1284 2417 1438 2509 pestium
1495 2405 1501 2465 l

405 2509 575 2585 decidunt
587 2535 609 2584 e
622 2528 704 2586 cute
723 2507 919 2600 antepedes
937 2505 1058 2598 sponte
1077 2508 1270 2586 devolutae:
1296 2519 1440 2589 vulnera
1495 2544 1502 2607 l

407 2630 524 2686 autem
541 2614 708 2706 utrinque
725 2605 920 2683 coalescunt
936 2608 1106 2689 dentium.
1131 2613 1235 2686 Vivit
1249 2641 1359 2707 porro
1372 2640 1439 2689 eer-
1500 2639 1501 2660 ²

405 2735 474 2788 vus
490 2715 634 2808 lengum
652 2729 809 2806 tempus:
840 2732 992 2801 vereque
1008 2705 1169 2792 homines
1183 2739 1265 2788 eum
1289 2736 1437 2812 quatuor

407 2815 590 2887 cornicum
605 2831 726 2893 aetate:
746 2813 867 2884 vivere
884 2807 1071 2889 celebrant.

458 3039 542 3115 293.
576 3007 804 3093 Aliosautem
816 3002 945 3093 vocant
959 3018 1122 3094 homines
1138 3017 1274 3095 rursum
1292 3025 1437 3116 Euryte-

406 3135 521 3202 rotes‚
545 3143 608 3213 per
624 3123 740 3192 omnia
757 3118 1029 3211 cervielimiles:
1065 3140 1224 3194 naturam
1235 3140 1356 3196 autem
1370 3145 1438 3196 cor·

406 3243 521 3295 nuum
537 3219 654 3316 supra,
671 3221 809 3314 qualem
818 3245 950 3294 nomen
964 3217 1158 3296 ferisineffe
1168 3220 1362 3320 fignificat,
1387 3249 1437 3320 ge-

404 3335 502 3397 runt.
1224 3346 1230 3358 ¹

459 3538 544 3619 296.
569 3523 666 3602 Alios
684 3545 800 3601 autern
817 3546 946 3604 vocant
956 3532 997 3605 in
1013 3527 1155 3607 saltibus
1175 3533 1302 3607 damas.
1333 3538 1438 3609 &illis
1498 3554 1500 3637 j

407 3633 505 3702 nervi
517 3653 660 3724 corpus:
687 3628 812 3722 pellem
825 3649 940 3707 autem
954 3634 1102 3727 intergo
1115 3634 1322 3708 maculosam
1336 3654 1437 3712 totam
1498 3650 1499 3655 ’

407 3728 528 3802 ferunt
542 3728 724 3824 infigniter
741 3735 902 3820 uariam,
943 3751 986 3810 ut
1015 3729 1166 3809 ferarum
1196 3734 1439 3828 pantherarum
1498 3736 1499 3813 l

408 3845 503 3902 rmtae
520 3832 560 3903 in
574 3831 663 3926 pelle
678 3827 868 3924 splendent.
1498 3830 1499 3849 ¹

460 4061 543 4134 300.
568 4041 720 4117 Bubalus
736 4040 876 4116 rursum
894 4043 943 4116 est
956 4047 1073 4118 minor
1090 4068 1235 4138 corpore
1253 4048 1441 4141 platycero·

199 4193 203 4201 ·
251 4143 259 4154 '
327 4213 332 4224 ,
404 4158 459 4224 te:
482 4145 598 4217 minor
615 4145 852 4236 platycerote‚
878 4167 1007 4220 verum
1019 4168 1140 4240 caprea
1157 4148 1268 4220 multo
1282 4149 1443 4242 praestan·
1498 4146 1499 4227 l

407 4247 500 4327 tior,
525 4244 635 4317 oculis
650 4242 870 4338 splendidus,
889 4267 1046 4320 amoenus
1064 4247 1202 4335 colore,
1217 4244 1340 4321 hilaris
1357 4247 1443 4344 aspe-
1497 4310 1499 4339 4

343 4431 353 4442 ι
408 4346 486 4414 diu:
523 4347 757 4418 &cornuum
776 4348 863 4416 redii
888 4346 1030 4439 quidem
1056 4356 1099 4419 er'a
1123 4349 1236 4439 eapite
1256 4345 1442 4422 naseuntur

410 4444 499 4513 remi
516 4441 634 4537 longi,
668 4449 706 4517 in
730 4441 867 4517 summo
884 4462 999 4519 autem
1017 4443 1152 4521 rursum
1170 4464 1309 4540 tergum
1327 4445 1441 4522 versu:

409 4539 605 4624 retrorsum
623 4544 812 4624 fleetuntur
834 4550 992 4626 recurvis
1007 4545 1249 4628 mucronem.
1290 4546 1440 4633 Mirifice

1339 4669 1440 4746 porra
1497 4676 1498 4703 t
