3175 5434
332 493 404 555 DE
435 491 820 558 Plscn'rlonr
856 493 963 556 Mu.
995 493 1080 557 1r1'.
1140 492 1219 574 291

234 641 292 711 72.
321 623 485 710 Quutuor
507 625 546 694 in
566 618 767 696 uuiversum
784 617 981 716 piscationis
1006 621 1104 693 niodi
1126 618 1217 694 sunt.

184 721 320 792 Primus
337 720 449 793 hamis
469 724 575 794 uitur.
597 723 791 816 Erigitur,
806 745 883 814 quae
896 719 1217 814 hamofitpiseuro,

183 819 311 912 duplex
328 819 396 892 est:
420 837 481 892 aut
496 823 590 894 enim
607 823 738 896 calamo
755 818 824 893 sive
840 821 1006 894 arundini
1026 820 1217 894 annexeest

112 999 117 1004 ,
177 920 298 1002 iinon,
325 943 368 991 ex
385 922 464 1011 pilis
482 924 620 1014 equinis
635 919 715 994 fieri
732 917 851 992 solitu:
878 939 939 994 aut
951 925 1071 994 manui
1083 938 1220 1014 aptatur

184 1034 299 1092 tortus
317 1043 335 1089 e
356 1021 429 1092 lino
452 1017 650 1103 funiculus,
675 1045 694 1092 a
713 1044 784 1114 quo
806 1020 864 1091 vel
885 1021 1001 1114 plures
1020 1020 1217 1113 dependent

175 1118 300 1200 homi,
319 1120 377 1192 vel
389 1144 503 1210 unus,
530 1120 683 1194 catheter
696 1116 843 1201 seilicet,
864 1122 996 1209 (major
1007 1118 1077 1208 fine
1095 1120 1217 1198 dubio,

186 1216 230 1306 sei
248 1220 404 1308 majorem
418 1221 520 1314 escum
532 1227 721 1310 continens,
752 1223 809 1312 qui
828 1217 873 1289 ud
887 1219 989 1314 pisces
1006 1237 1148 1292 cetuceos
1165 1244 1217 1292 cu-

180 1317 315 1414 piendus
335 1318 470 1414 plrunbo
495 1337 701 1416 aggravatio
723 1326 760 1392 iu
780 1315 988 1414 profundum
1008 1317 1140 1392 demitti
1164 1326 1217 1390 vi.

181 1414 321 1510 duur.)
373 1416 509 1492 Deinde
527 1417 661 1494 retibus
679 1434 857 1498 utuntur,
882 1439 1034 1510 quorum
1057 1421 1123 1491 alia
1146 1429 1221 1490 om.

184 1515 371 1612 phibiestra
410 1519 617 1611 (jacula),
668 1519 734 1590 ulia
781 1514 928 1610 griphi,
984 1539 1219 1612 gangnmnque

178 1617 261 1712 (ud
280 1619 382 1706 ostrea
407 1619 592 1712 capienda)
628 1619 662 1691 dc
697 1614 897 1710 hypuchae,
937 1618 1096 1690 rotundae
1125 1617 1218 1712 sege.

184 1741 236 1788 nae
256 1716 499 1810 (verriculo),
525 1719 728 1809 caiymmuta
743 1715 890 1810 (vela),
928 1739 1019 1808 pezae
1043 1715 1215 1812 (pinge),

183 1813 398 1908 sphaeronec,
420 1813 782 1912 &panagri(obliqui)
798 1814 1030 1906 appellantur3
1057 1834 1220 1910 praetereu

183 1915 293 1990 multo
307 1913 374 1990 alin
387 1919 514 1990 retium
530 1941 686 2012 generae
705 1918 778 1990 lino
798 1917 1007 2008 plettuntur.
1036 1919 1073 1990 N
1075 1913 1218 1990 assarum

121 2014 128 2024 ’
183 2011 264 2089 usus
282 2039 408 2110 mag-no
429 2017 526 2090 lucro
542 2019 707 2112 exiguum
726 2012 904 2110 piscatoris
924 2013 1079 2088 laborem
1103 2039 1219 2096 remu.-

181 2133 344 2196 neratur‚
379 2139 421 2187 eo
450 2119 544 2190 enim
569 2115 763 2189 dormiente
784 2112 935 2207 predam
959 2111 1038 2208 ipsae
1064 2120 1216 2210 capiunt.

183 2219 321 2312 Quarto
333 2211 476 2306 piscatio
498 2233 606 2290 conto
621 2219 679 2292 vel
692 2215 843 2290 tridente
861 2209 921 2296 fit,
954 2239 1032 2288 cum
1046 2240 1088 2288 ex
1103 2234 1215 2302 terra,

182 2333 256 2387 tum
278 2314 407 2386 erravi.
431 2315 570 2388 Horum
591 2341 677 2389 vero
694 2315 1027 2396 instrumentorum,
1055 2317 1219 2410 quitatio

181 2411 416 2498 subticentur,
442 2414 640 2495 &sormam
658 2407 898 2489 &mensuram
917 2428 1051 2492 tenent.

229 2649 294 2716 92.
333 2624 481 2702 Piscium
501 2628 620 2723 generi
636 2651 711 2700 non
736 2622 849 2698 solum
872 2639 994 2700 contra
1010 2621 1044 2698 se
1065 2625 1222 2699 invicem*

180 2721 320 2800 solertia
333 2732 421 2800 mira
436 2727 502 2812 est,
525 2727 584 2803 sed
597 2726 690 2822 ipsos
708 2729 812 2800 etiem
829 2719 1013 2816 piscatores
1031 2721 1117 2817 saepe
1137 2725 1220 2798 dolo

173 2823 342 3002 2ῧὲᾘὶ
364 2830 484 2922 &jam
503 2827 608 2903 hamo
631 2830 723 2922 capti
745 2827 804 2970 vel
823 2825 892 2898 reti
909 2821 1052 2908 inolufi,
1078 2821 1219 2898 irrsrdius

220 3151 293 3227 98.
323 3137 439 3233 Mugil
454 3139 594 3234 quidem
602 3140 781 3220 irretitur,
797 3159 871 3210 non
879 3130 913 3206 se
926 3131 1059 3210 infidiis
1072 3136 1222 3208 circum-

175 3256 330 3336 yentum
345 3237 414 3328 effe,
427 3241 615 3334 ignorans,
639 3243 680 3312 in
696 3235 843 3311 sublime
858 3229 1023 3324 effertur,
1051 3237 1221 3310 &nitiuu
1264 3263 1267 3268 ’

180 3343 267 3412 retia
295 3336 482 3419 transilire,
508 3365 623 3434 neque
642 3335 779 3414 consilii
803 3333 856 3409 sui
886 3332 1001 3410 fructu
1026 3331 1220 3413 fraudetur.

178 3440 276 3536 ,Saepe
301 3442 395 3514 enim
414 3441 549 3522 retium,
562 3436 789 3538 excelsitatem
811 3440 844 3510 dc
866 3429 1005 3510 iuberes
1022 3437 1218 3528 trajiciens,
1270 3461 1272 3464 ·

181 3563 224 3612 ex
231 3537 415 3613 mortifero
432 3542 588 3632 periculo
609 3540 736 3612 evadit.
772 3531 907 3626 Quodsr
918 3538 1023 3628 primi
1039 3533 1142 3608 saltus
1158 3539 1218 3610 ab·

182 3644 357 3715 erratione
371 3642 410 3712 in
420 3656 493 3712 rete
503 3637 622 3714 rursus
636 3638 830 3719 delabitur,
856 3658 930 3706 non
942 3635 1056 3728 poster
1072 3633 1220 3728 amplius

181 3758 295 3834 tentet
311 3736 501 3824 trmrsrlire,
527 3738 586 3817 sed
604 3742 729 3816 anxius
746 3731 913 3828 quiescit,
951 3734 1221 3828 &prostratura

179 3841 346 3934 praedone
360 3838 663 3933 oaedemexpettat
690 3839 778 3914 Non
797 3835 896 3910 aliter
910 3835 1035 3930 aliquis
1051 3836 1221 3908 diuturno

180 3944 309 4020 morbo
328 3939 566 4025 mantuus,
601 3941 664 4014 ubi
677 3937 748 4032 ium
760 3933 855 4011 diem
873 3937 955 4010 vitre
978 3937 1143 4010 ultimum
1160 3957 1220 4026 np-

179 4046 478 4138 propinquautem
491 4040 736 4125 videte'initio
753 4035 896 4130 quidem
915 4031 1107 4127 selutisspe
1122 4035 1220 4128 vitaeu

180 4167 252 4236 que
281 4164 400 4216 amore
431 4134 607 4216 lubenter
620 4138 747 4235 medici
785 4138 962 4230 voluntati
996 4130 1219 4225 obsequiturt

179 4243 299 4338 postea
314 4263 421 4326 vero,
459 4265 540 4315 eunt
555 4241 630 4314 dira
644 4238 708 4312 sati
722 4233 897 4310 neceffitas
918 4233 1010 4330 spent
1027 4231 1145 4309 solutis
1162 4229 1221 4302 ab·

109 4428 111 4431 ,
179 4340 342 4426 sciderit,
370 4345 469 4422 omni
484 4345 567 4436 vite
586 4363 668 4417 cura
684 4334 837 4430 abjettp,
860 4337 999 4429 quietus
1017 4328 1220 4416 exhaustum

105 4508 111 4511 .
178 4440 367 4544 doloribus
383 4453 509 4540 corpus
522 4439 836 4610 ntortipermittig
874 4461 878 4520 j
921 4516 949 4544 ,ff

235 4559 244 4568 ”
295 4544 302 4553 “
376 4555 380 4560 ’
851 4549 925 4611 02
