3175 5434
345 535 410 615 o'r
450 548 808 648 Venerione
848 557 948 620 ure.
983 547 1071 620 111·
1133 504 1222 645 erp

169 694 328 769 petunt,
380 669 502 770 parum
529 682 986 775 intermittentesnuptiale
1018 683 1216 774 jucundum

171 777 316 858 cubile,
359 779 500 870 quando
531 777 618 850 foetu
651 799 895 874 praegnantm,
930 800 1034 853 utero
1056 804 1218 879 turgent.

169 877 257 948 Non
274 880 368 946 enim
387 875 468 950 seris
485 876 720 965 cousuetudo,
749 900 873 952 venter
887 880 1030 974 quando
1048 887 1224 975 gravidus

170 975 240 1058 est,
266 979 303 1046 in
321 977 435 1048 cubile
452 978 616 1049 euntibus
637 994 768 1069 putrore
789 1004 980 1051 venereum
1001 981 1222 1071 opus‚s010e

168 1095 294 1179 propter
311 1076 451 1164 lynces,
475 1073 697 1170 imbellesque
718 1080 862 1168 lepores.
900 1077 986 1151 Ursa
1003 1097 1121 1152 autem
1151 1107 1221 1156 nu·

170 1177 322 1268 ptiorum
346 1175 494 1266 cupida,
531 1179 563 1246 &
587 1174 724 1266 pertusa
743 1177 857 1248 cubile
886 1178 1035 1250 viduum
1058 1177 1216 1266 habere,

171 1293 242 1346 tam
259 1277 376 1368 gravio
395 1279 433 1346 in
451 1273 576 1346 loetum
593 1272 735 1346 sustinet
751 1279 880 1347 moliri.
917 1280 1114 1370 Antequam
1136 1305 1219 1373 par.

171 1393 227 1446 tus
247 1377 365 1445 veniat
382 1395 530 1465 tempuS‚
552 1393 737 1466 antequam
749 1373 856 1447 status
875 1374 960 1457 dies,
979 1396 1141 1450 ventrem
1159 1392 1241 1452 exi

170 1475 309 1566 primu,
338 1477 370 1544 δι
397 1477 469 1543 vim
493 1469 605 1544 adfert
625 1475 765 1545 Lucinae
784 1476 931 1561 Junoni.
973 1475 1088 1546 Tanta
1105 1477 1219 1552 libido

170 1574 237 1653 est,
262 1570 381 1643 tantus
395 1571 553 1663 'impetus
571 1571 615 1642 ad
633 1577 817 1645 venerem!
857 1573 951 1644 Parit
971 1591 1088 1645 autem
1115 1574 1217 1650 semi·

166 1668 380 1764 perfectum,
408 1675 527 1743 &nou
543 1669 888 1744 formatumfoetum:
914 1669 971 1742 sed
991 1697 1132 1746 carnem
1154 1701 1216 1748 ru-

168 1772 268 1851 dem,
297 1769 573 1854 inarticulatam,
602 1768 789 1842 insormem
810 1770 960 1861 speciez*
980 1767 1153 1867 simulque
1172 1779 1216 1848 li.

168 1871 281 1942 bidini
299 1870 566 1962 educationique
578 1869 636 1942 dat
655 1891 813 1962 opernm:
831 1867 1017 1961 recensque
1031 1868 1220 1972 soera'curp,

168 1995 261 2041 more
286 1970 399 2040 {latim
417 1969 540 2040 cubat:
571 1969 759 2060 lambitque
786 1971 905 2061 lingua
936 1967 1060 2040 foetum
1086 1969 1211 2058 suum,

170 2069 459 2162 quemadmodum
484 2070 624 2157 juvenci
642 2068 800 2141 lambunt
825 2065 1050 2152 seinvicem,
1081 2070 1216 2167 linguis¹

167 2173 251 2239 altor
275 2168 420 2238 alterum
447 2167 676 2240 oblectantes:
716 2166 842 2259 gaudet
860 2185 976 2239 autem
1001 2167 1105 2242 bovis
1131 2190 1219 2244 cute

166 2265 397 2360 pulcricornis
429 2268 516 2340 bos:
560 2291 672 2359 neque
706 2264 886 2338 discedunt
911 2265 1110 2359 priusquam
1133 2276 1211 2344 ani-

167 2393 260 2439 mum
282 2367 460 2458 voluptate
479 2365 653 2438 litiarint:
687 2369 845 2436 animum
865 2389 951 2436 uero
971 2373 1214 2442 concomitan-

167 2470 210 2538 tis
224 2467 345 2537 laetitia
359 2463 517 2538 officiunt
531 2467 693 2558 pastoris:
721 2461 766 2535 fic
776 2462 855 2536 ursa
867 2465 1004 2557 lingens
1025 2489 1123 2555 catos
1137 2465 1214 2540 soc·

167 2586 235 2638 mat
250 2563 379 2656 foetus,
410 2567 521 2640 donec
538 2567 684 2660 gammo
704 2562 925 2656 impudenter
941 2567 1095 2658 rugiant.

218 2802 297 2872 170¹
328 2780 404 2864 Jam
420 2803 504 2850 vero
521 2775 705 2847 hibernam
719 2777 849 2849 mirum
866 2777 906 2849 in
922 2775 1067 2850 modum
1084 2776 1220 2852 horret.

104 2887 108 2896 '
166 2879 398 2970 tempestatem
423 2881 583 2971 quamvis
604 2873 735 2952 villosa.
767 2879 963 2949 cumcuim
979 2880 1063 2948 nive
1085 2882 1208 2951 omnia

89 3063 92 3080 1
166 2979 353 3050 consternit
370 2978 535 3049 occiduus
552 2976 735 3068 Zephyrus
753 2971 855 3046 dense
870 2971 1003 3068 sparsa,
1036 2977 1209 3048 conditur

162 3081 200 3150 in
218 3075 379 3168 spelunca
391 3075 484 3158 „sub
496 3080 648 3168 tegmine
666 3077 738 3146 lato
750 3078 782 3146 u
794 3075 929 3166 amplo,
948 3077 982 3146 &
996 3076 1209 3170 ciboegem,

165 3178 262 3266 pedes
284 3175 482 3269 manusque
506 3178 609 3268 lingit
636 3193 807 3266 tanquam
824 3167 980 3266 fingens,
1016 3178 1049 3246 ἃ
1069 3179 1210 3248 ventrio

163 3274 250 3347 fallit
263 3273 482 3348 desiderium.
518 3275 618 3350 Talia
635 3277 673 3344 in
693 3274 892 3366 gurgitibus
912 3273 999 3344 vasti
1013 3278 1117 3348 maris
1143 3299 1206 3367 po-

164 3378 235 3467 lypi
250 3376 388 3468 obliqui
407 3381 446 3448 in
466 3375 626 3447 fluctibus
651 3370 795 3444 faciunt.
839 3374 957 3446 Media
986 3397 1064 3453 cum
1087 3373 1206 3447 hieme

165 3474 289 3568 gelidas
315 3473 422 3567 spirat
448 3479 581 3560 minas,
618 3473 775 3544 condunt
798 3468 830 3542 se
850 3475 889 3544 in
907 3470 1105 3564 speluncis,
1142 3471 1202 3544 sua

162 3576 289 3666 flogella
307 3577 480 3648 rodentes.
507 3575 682 3644 Caeterum
701 3572 764 3643 ubi
786 3597 849 3644 ver
865 3570 1050 3646 humidum
1072 3574 1203 3643 almum

165 3671 374 3757 effloruerit,
390 3673 529 3748 brachia
546 3675 596 3743 eis
606 3672 763 3744 celeriter
774 3694 868 3742 nova
878 3667 1015 3743 rursum
1026 3667 1202 3744 crescuntz

164 3772 366 3866 rursumque
387 3775 475 3846 bene
491 3773 610 3846 criniti
626 3771 760 3844 vastum
779 3773 946 3863 navigant
956 3792 1061 3846 mare.

186 4063 189 4070 ,
213 3996 295 4074 183.
324 3988 499 4077 Deinceps
518 4005 748 4055 memoremus
766 3978 912 4071 pedibus
923 3983 1117 4064 valentem,
1143 3991 1200 4051 ae-

163 4085 274 4168 rium,
302 4090 500 4178 pernicem,
528 4081 770 4174 ventipedem,
795 4082 939 4171 ungulis
954 4077 1198 4158 firmiffimum,

161 4209 344 4275 procerum
362 4207 552 4278 onagrum
585 4179 805 4274 quiquidem
833 4178 881 4249 est
905 4182 1005 4251 laetuc
1031 4201 1199 4267 corpore,

161 4286 319 4374 amplus,
358 4287 446 4356 latus
470 4281 630 4373 arpenn,
666 4298 849 4372 argenteus
875 4280 1015 4358 colore,
1055 4276 1203 4347 auribus

161 4380 295 4476 longis,
332 4383 593 4476 pernicissimuc
608 4377 718 4452 cursu.
756 4375 872 4482 Fascia
888 4397 1004 4449 autem
1016 4379 1113 4468 nigra
1127 4399 1201 4446 mc-

163 4481 258 4560 dium
273 4481 414 4560 dorsum
430 4482 596 4566 redimit,
627 4480 741 4556 niveis
758 4481 934 4651 uginque
947 4480 1058 4554 cineta
1073 4475 1203 4550 llneie:
