3175 5434
413 519 501 606 294
759 513 1108 594 oretani

411 649 592 726 ulterioris
614 645 686 722 cibi
709 644 766 742 spe
785 647 956 722 adulatur.
1006 648 1056 722 Ac
1084 647 1196 720 veluti
1221 671 1303 746 curn
1324 613 1464 726 artised

414 774 561 843 operum
583 747 674 822 fama
696 747 850 832 celeber,
885 764 947 823 aut
970 748 1096 841 aliquis
1120 745 1286 841 sapientia
1303 745 1450 841 insignis

324 906 330 910 .
412 853 490 932 vir,
514 848 558 922 ad
570 846 715 941 hospitis
734 847 911 922 liberalem
930 843 1146 929 devertitur,
1172 845 1327 922 hictum
1348 847 1454 918 bene-

411 950 501 1022 vole·
512 952 547 1033 dt
560 949 662 1022 donis
678 946 854 1042 epulisque
870 964 1052 1038 exceptum
1068 947 1172 1029 colit,
1198 949 1233 1018 dt
1246 965 1399 1040 uterque
1413 945 1454 1016 ad

410 1045 565 1140 mensam
576 1049 709 1132 mutuis
728 1043 761 1118 se
776 1046 1094 1138 poculis-invitant.
1128 1049 1183 1122 Ita
1196 1043 1344 1137 piscator
1357 1045 1453 1118 dulci

409 1147 535 1241 praedae
548 1145 604 1240 spe
619 1144 848 1227 exhilaratur,
870 1143 969 1240 piscis
987 1166 1071 1218 vero
1091 1170 1187 1220 novo
1204 1145 1346 1218 laetatur
1360 1145 1452 1218 cibo.

410 1247 507 1322 Tum
527 1247 685 1342 quotidie
703 1242 850 1340 piscator
868 1245 1080 1328 incendit,
1119 1249 1152 1320 tr
1172 1262 1341 1340 tanquam
1362 1247 1455 1318 invi-

410 1349 492 1428 tatis
513 1349 701 1427 convivis,
733 1348 797 1440 qui
814 1341 945 1438 semper
967 1345 1085 1438 plures
1110 1363 1304 1440 apparent,
1332 1345 1455 1420 cibum

409 1443 555 1548 praebet.
584 1449 735 1522 Manent
750 1445 805 1544 illi
821 1444 943 1544 eodem
960 1445 999 1516 in
1020 1445 1118 1528 loco,
1148 1449 1181 1520 ἃ*
1202 1447 1323 1517 navim
1342 1449 1455 1518 veluti
1505 1475 1508 1486 Δ

332 1615 339 1620 .
409 1550 587 1624 nutricem
604 1549 803 1643 expediant:
832 1568 937 1642 quarn
963 1568 1044 1621 cum
1070 1546 1239 1640 appellere
1256 1541 1451 1636 senserint,

404 1670 495 1742 ,mor
519 1671 642 1721 omnes
661 1645 803 1720 obvim
819 1643 890 1720 lacti
910 1647 943 1717 tc
962 1645 1122 1721 ludentes
1137 1645 1286 1726 adnant,
1323 1641 1452 1718 similer

407 1741 643 1821 hirundinum
668 1743 789 1840 pullis,
833 1748 894 1840 qui
916 1747 1018 1816 matri
1046 1745 1164 1821 cibum
1192 1738 1356 1816 afferenti
1384 1745 1452 1816 lati

410 1845 568 1940 nidoque
584 1840 814 1920 subsultantes
828 1845 968 1918 obviam
982 1843 1146 1934 strident,
1179 1844 1228 1915 ita
1244 1861 1286 1918 ut
1301 1861 1379 1918 tota
1392 1843 1452 1918 ho-

407 1941 506 2040 spitis
531 1945 658 2020 domuc
680 1939 829 2028 resonet,
864 1943 1022 2020 Tandem
1044 1945 1093 2018 ita
1118 1941 1386 2027 mansuescunt,
1413 1962 1452 2018 ut

408 2047 660 2146 contrectantis
691 2046 796 2118 etiam
824 2067 991 2127 manum,
1034 2045 1303 2138 &porrigentis
1334 2045 1451 2119 cibum

410 2166 488 2217 non
502 2141 699 2240 refugiant=
736 2145 769 2216 u
790 2167 1003 2238 quocunque
1019 2167 1162 2234 manum
1180 2147 1308 2238 egerit,
1334 2169 1400 2217 ceu
1416 2142 1452 2216 fi.

400 2244 605 2342 gundaro,
629 2245 714 2316 illuc
736 2241 868 2328 statim,
901 2241 1066 2340 tanquam
1090 2240 1189 2338 pueri
1208 2245 1247 2314 in
1271 2243 1450 2338 gymnafio

403 2347 579 2440 ,morigeri
595 2340 782 2440 magistro,
808 2341 841 2416 se
853 2347 1040 2436 recipiant,
1064 2344 1303 2419 continentem
1321 2341 1461 2429 versus,

409 2463 492 2517 ante
510 2447 648 2528 navim,
659 2459 768 2516 retro.
798 2446 854 2520 Sic
863 2444 1023 2534 cicuratis
1038 2442 1129 2526 illis,
1151 2443 1290 2516 tandem
1308 2440 1449 2520 hamum

409 2541 527 2637 injicit
547 2547 644 2618 mari.
671 2546 825 2638 primum
842 2565 927 2616 vero
950 2543 1070 2616 dextra
1092 2539 1262 2640 significat
1284 2543 1449 2624 omnibns

409 2643 665 2728 recedendum,
691 2660 753 2718 aut
769 2641 917 2737 lapidem
938 2642 1098 2737 projicit,
1136 2667 1239 2736 quem
1263 2643 1318 2716 illi
1342 2642 1449 2718 escam

406 2739 476 2816 effe
490 2747 559 2820 rati
574 2741 778 2840 sequuntur.
806 2743 881 2816 Uni
896 2745 999 2817 alicui
1010 2743 1130 2816 relicto
1149 2742 1292 2828 hamum
1308 2741 1448 2820 escaob·

406 2846 539 2919 tectim
557 2839 658 2938 supra
673 2866 768 2917 mare
784 2845 961 2940 porrigit:
996 2867 1067 2936 quo
1085 2839 1189 2917 miser
1211 2842 1271 2916 ille
1304 2865 1447 2928 vorata,

405 2965 491 3014 mox
502 2942 669 3017 ambabus
686 2939 865 3038 piscatoris
878 2943 1039 3016 manibus
1057 2946 1209 3036 rapitur,
1228 2946 1447 3039 ntreliquam

327 3071 340 3083 Χ
409 3042 552 3128 narbam
574 3039 702 3118 lateat'
727 3063 809 3114 nam
838 3037 863 3114 n
890 3045 996 3116 ceteri
1021 3059 1158 3138 captum
1183 3059 1244 3116 aut
1267 3044 1446 3127 viderent,

315 3189 324 3213 ,
405 3159 468 3214 aut
496 3142 677 3236 strepitum
699 3138 905 3217 extrahendi
931 3139 1123 3236 audirent,
1163 3143 1270 3216 nullis
1300 3147 1446 3238 amplius

406 3236 490 3312 escis
504 3245 663 3316 revocari
682 3237 836 3333 possent,
864 3236 921 3316 sed
941 3245 1057 3314 locum
1074 3259 1178 3336 atque
1196 3239 1336 3316 infidias
1354 3241 1447 3342 fuge·

404 3355 487 3412 rent
504 3337 610 3418 exoli.
639 3339 892 3434 Quamobrem
909 3337 1055 3436 piscator
1077 3340 1214 3416 validus
1238 3345 1271 3416 tc
1290 3345 1393 3439 agilis
1411 3341 1447 3418 fit

312 3531 316 3538 Ι
406 3453 567 3532 oportet,
588 3454 650 3513 aut
664 3441 769 3512 etiam
780 3464 808 3535 ,a
824 3437 918 3525 socio
928 3439 1127 3536 adjuvetur.

452 3662 540 3741 281.
567 3652 639 3727 alii
656 3675 732 3727 non
751 3648 857 3737 escis,
883 3671 946 3728 aut
958 3652 1029 3728 ulla
1047 3651 1285 3752 simulatione,
1308 3651 1368 3732 sed
1383 3657 1445 3732 suis

402 3745 489 3826 freti
505 3751 642 3824 viribus
659 3749 797 3832 anthias
815 3753 1034 3831 adoriuntur.
1074 3755 1228 3828 Hamum
1242 3777 1285 3828 ex
1306 3781 1378 3832 aere
1394 3761 1444 3832 vel

401 3844 500 3948 ferro
519 3845 674 3936 iaciunt,
696 3851 882 3946 dupliciter
897 3855 1076 3948 alligatum
1091 3855 1207 3932 valido
1223 3853 1314 3928 suni.
1344 3855 1443 3932 hamo

250 3950 254 3956 ’
402 3948 529 4042 lupum
548 3946 676 4044 piscem
693 3947 853 4026 inserunt
869 3957 1015 4046 vivum,
1040 3971 1102 4026 aut
1121 3957 1161 4029 in
1179 3980 1219 4030 os
1241 3962 1380 4032 mortui
1397 3961 1444 4030 in,

401 4047 710 4147 dpntplumbum,
739 4051 835 4146 quod
849 4051 1056 4148 delphinum
1070 4072 1214 4139 vocant,
1238 4055 1342 4148 cuius
1363 4081 1444 4152 pon·

403 4146 492 4251 dere
510 4153 676 4246 inpunita
688 4140 835 4247 inclinat
849 4155 1039 4234 &reclinat
1055 4178 1095 4247 ac
1110 4151 1137 4229 fi
1154 4157 1303 4242 viveret.
1330 4158 1445 4233 Remi.

448 4251 713 4346 ntibuaceterir
732 4274 865 4348 pauca
885 4257 1016 4349 puppi,
1042 4278 1130 4347 ¹cum
1146 4249 1215 4350 jain
1227 4255 1374 4349 strepitu
1389 4281 1445 4332 au·

417 4351 441 4436 ,’
474 4349 820 4446 ,annuntiatum
838 4351 981 4448 hamum
997 4357 1039 4429 in
1050 4357 1282 4448 marplenitcr
1300 4359 1444 4432 circum·
1501 4441 1502 4444 Ἴ

400 4450 522 4540 adum
540 4448 667 4547 itrjicit.
696 4453 898 4550 sequuntur
916 4455 970 4539 illi
987 4457 1144 4550 captim
1155 4458 1321 4538 navim&
1339 4453 1442 4536 escam
1499 4521 1502 4574 :
