<?xml version="1.0" encoding="UTF-8"?>
<!DOCTYPE html PUBLIC "-//W3C//DTD XHTML 1.0 Transitional//EN"
    "http://www.w3.org/TR/xhtml1/DTD/xhtml1-transitional.dtd">
<html xmlns="http://www.w3.org/1999/xhtml" xml:lang="en" lang="en">
 <head>
  <title>
</title>
<meta http-equiv="Content-Type" content="text/html;charset=utf-8" />
  <meta name='ocr-system' content='tesseract 3.04.00' />
  <meta name='ocr-capabilities' content='ocr_page ocr_carea ocr_par ocr_line ocrx_word'/>
</head>
<body>
  <div class='ocr_page' id='page_1' title='image "./oppianipoetaeci00oppigoog_0021.png"; bbox 0 0 3175 5434; ppageno 0'>
   <div class='ocr_carea' id='block_1_1' title="bbox 355 476 1173 581">
    <p class='ocr_par' dir='ltr' id='par_1_1' title="bbox 355 476 1173 581">
     <span class='ocr_line' id='line_1_1' title="bbox 355 476 1173 581; baseline -0.012 -19"><span class='ocrx_word' id='word_1_1' title='bbox 355 476 461 581; x_wconf 81' lang='lat' dir='ltr'><strong>xviij</strong></span> <span class='ocrx_word' id='word_1_2' title='bbox 702 490 1068 558; x_wconf 77' lang='lat' dir='ltr'><strong>rnnsnrio.</strong></span> <span class='ocrx_word' id='word_1_3' title='bbox 1168 554 1173 563; x_wconf 64' lang='grc'>,</span> 
     </span>
    </p>
   </div>
   <div class='ocr_carea' id='block_1_2' title="bbox 358 617 1407 1011">
    <p class='ocr_par' dir='ltr' id='par_1_2' title="bbox 358 617 1407 1011">
     <span class='ocr_line' id='line_1_2' title="bbox 358 617 1404 696; baseline -0.007 -8"><span class='ocrx_word' id='word_1_4' title='bbox 358 625 466 688; x_wconf 87' lang='lat' dir='ltr'><strong>autoris</strong></span> <span class='ocrx_word' id='word_1_5' title='bbox 483 623 659 685; x_wconf 82' lang='lat' dir='ltr'><strong>innominati</strong></span> <span class='ocrx_word' id='word_1_6' title='bbox 673 622 704 682; x_wconf 89' lang='lat' dir='ltr'><strong>in</strong></span> <span class='ocrx_word' id='word_1_7' title='bbox 720 623 795 682; x_wconf 84' lang='lat' dir='ltr'><strong>diros</strong></span> <span class='ocrx_word' id='word_1_8' title='bbox 811 620 901 681; x_wconf 92' lang='lat' dir='ltr'><strong>libros</strong></span> <span class='ocrx_word' id='word_1_9' title='bbox 919 617 1062 694; x_wconf 88' lang='lat' dir='ltr'><strong>divisam,</strong></span> <span class='ocrx_word' id='word_1_10' title='bbox 1083 636 1170 696; x_wconf 83' lang='lat' dir='ltr'><strong>quam</strong></span> <span class='ocrx_word' id='word_1_11' title='bbox 1186 618 1323 680; x_wconf 85' lang='lat' dir='ltr'><strong>Venetiis</strong></span> <span class='ocrx_word' id='word_1_12' title='bbox 1340 638 1404 682; x_wconf 90' lang='lat' dir='ltr'><strong>ma·</strong></span> 
     </span>
     <span class='ocr_line' id='line_1_3' title="bbox 361 722 1403 806; baseline -0.006 -16"><span class='ocrx_word' id='word_1_13' title='bbox 361 728 540 806; x_wconf 84' lang='lat' dir='ltr'><strong>nuscriptam</strong></span> <span class='ocrx_word' id='word_1_14' title='bbox 564 729 664 788; x_wconf 74' lang='lat' dir='ltr'><strong>nasius</strong></span> <span class='ocrx_word' id='word_1_15' title='bbox 687 738 769 798; x_wconf 89' lang='lat' dir='ltr'><strong>erat,</strong></span> <span class='ocrx_word' id='word_1_16' title='bbox 798 725 835 784; x_wconf 92' lang='lat' dir='ltr'><strong>ab</strong></span> <span class='ocrx_word' id='word_1_17' title='bbox 854 725 960 786; x_wconf 91' lang='lat' dir='ltr'><strong>eodem</strong></span> <span class='ocrx_word' id='word_1_18' title='bbox 978 723 1123 785; x_wconf 89' lang='lat' dir='ltr'><strong>Eutecnio</strong></span> <span class='ocrx_word' id='word_1_19' title='bbox 1144 722 1282 800; x_wconf 82' lang='lat' dir='ltr'><strong>scriptam</strong></span> <span class='ocrx_word' id='word_1_20' title='bbox 1307 723 1403 786; x_wconf 83' lang='lat' dir='ltr'><strong>fuisse.</strong></span> 
     </span>
     <span class='ocr_line' id='line_1_4' title="bbox 361 825 1407 908; baseline -0.006 -14"><span class='ocrx_word' id='word_1_21' title='bbox 361 832 420 894; x_wconf 85' lang='lat' dir='ltr'><strong>Sed</strong></span> <span class='ocrx_word' id='word_1_22' title='bbox 436 831 578 894; x_wconf 89' lang='lat' dir='ltr'><strong>memoria</strong></span> <span class='ocrx_word' id='word_1_23' title='bbox 596 829 757 908; x_wconf 63' lang='lat' dir='ltr'><strong>Gesnerum</strong></span> <span class='ocrx_word' id='word_1_24' title='bbox 773 827 824 889; x_wconf 92' lang='lat' dir='ltr'><strong>hic</strong></span> <span class='ocrx_word' id='word_1_25' title='bbox 843 825 969 900; x_wconf 89' lang='lat' dir='ltr'><strong>sesellit,</strong></span> <span class='ocrx_word' id='word_1_26' title='bbox 998 846 1067 888; x_wconf 90' lang='lat' dir='ltr'><strong>cum</strong></span> <span class='ocrx_word' id='word_1_27' title='bbox 1097 827 1171 888; x_wconf 90' lang='lat' dir='ltr'><strong>duos</strong></span> <span class='ocrx_word' id='word_1_28' title='bbox 1197 827 1407 890; x_wconf 82' lang='lat' dir='ltr'><strong>Ixeuticorum</strong></span> 
     </span>
     <span class='ocr_line' id='line_1_5' title="bbox 358 930 1407 1011; baseline -0.002 -15"><span class='ocrx_word' id='word_1_29' title='bbox 358 933 447 996; x_wconf 91' lang='lat' dir='ltr'><strong>libros</strong></span> <span class='ocrx_word' id='word_1_30' title='bbox 462 944 602 1011; x_wconf 83' lang='lat' dir='ltr'><strong>poneret3</strong></span> <span class='ocrx_word' id='word_1_31' title='bbox 624 933 657 992; x_wconf 91' lang='lat' dir='ltr'><strong>in</strong></span> <span class='ocrx_word' id='word_1_32' title='bbox 665 931 742 994; x_wconf 88' lang='lat' dir='ltr'><strong>libro</strong></span> <span class='ocrx_word' id='word_1_33' title='bbox 755 934 837 994; x_wconf 89' lang='lat' dir='ltr'><strong>enim</strong></span> <span class='ocrx_word' id='word_1_34' title='bbox 853 933 891 993; x_wconf 91' lang='lat' dir='ltr'><strong>de</strong></span> <span class='ocrx_word' id='word_1_35' title='bbox 903 930 1028 1005; x_wconf 81' lang='lat' dir='ltr'><strong>Avibus,</strong></span> <span class='ocrx_word' id='word_1_36' title='bbox 1050 933 1098 992; x_wconf 92' lang='lat' dir='ltr'><strong>cui</strong></span> <span class='ocrx_word' id='word_1_37' title='bbox 1115 931 1304 1011; x_wconf 85' lang='lat' dir='ltr'><strong>Paraphrasin</strong></span> <span class='ocrx_word' id='word_1_38' title='bbox 1317 931 1407 994; x_wconf 85' lang='lat' dir='ltr'><strong>Ixeu·</strong></span> 
     </span>
    </p>
   </div>
   <div class='ocr_carea' id='block_1_3' title="bbox 358 1033 1503 1115">
    <p class='ocr_par' dir='ltr' id='par_1_3' title="bbox 358 1033 1503 1115">
     <span class='ocr_line' id='line_1_6' title="bbox 358 1033 1503 1115; baseline -0.004 -15"><span class='ocrx_word' id='word_1_39' title='bbox 358 1039 489 1100; x_wconf 89' lang='lat' dir='ltr'><strong>ticorum</strong></span> <span class='ocrx_word' id='word_1_40' title='bbox 501 1038 646 1114; x_wconf 85' lang='lat' dir='ltr'><strong>integram</strong></span> <span class='ocrx_word' id='word_1_41' title='bbox 661 1034 711 1097; x_wconf 92' lang='lat' dir='ltr'><strong>sed</strong></span> <span class='ocrx_word' id='word_1_42' title='bbox 724 1037 757 1100; x_wconf 88' lang='lat' dir='ltr'><strong>iri</strong></span> <span class='ocrx_word' id='word_1_43' title='bbox 771 1034 910 1115; x_wconf 85' lang='lat' dir='ltr'><strong>plurimas</strong></span> <span class='ocrx_word' id='word_1_44' title='bbox 927 1033 1048 1096; x_wconf 80' lang='lat' dir='ltr'><strong>lacinias</strong></span> <span class='ocrx_word' id='word_1_45' title='bbox 1070 1035 1247 1114; x_wconf 85' lang='lat' dir='ltr'><strong>discerptam</strong></span> <span class='ocrx_word' id='word_1_46' title='bbox 1259 1035 1405 1111; x_wconf 88' lang='lat' dir='ltr'><strong>inseruit,</strong></span> <span class='ocrx_word' id='word_1_47' title='bbox 1502 1036 1503 1107; x_wconf 59' lang='grc' dir='ltr'>ξ</span> 
     </span>
    </p>
   </div>
   <div class='ocr_carea' id='block_1_4' title="bbox 366 1137 1407 1217">
    <p class='ocr_par' dir='ltr' id='par_1_4' title="bbox 366 1126 1503 1227">
     <span class='ocr_line' id='line_1_7' title="bbox 366 1137 1407 1217; baseline -0.002 -14"><span class='ocrx_word' id='word_1_48' title='bbox 366 1139 528 1204; x_wconf 83' lang='lat' dir='ltr'><strong>constanter</strong></span> <span class='ocrx_word' id='word_1_49' title='bbox 541 1138 650 1217; x_wconf 86' lang='lat' dir='ltr'><strong>ubique</strong></span> <span class='ocrx_word' id='word_1_50' title='bbox 657 1150 715 1200; x_wconf 87' lang='lat' dir='ltr'><strong>tres</strong></span> <span class='ocrx_word' id='word_1_51' title='bbox 722 1137 812 1201; x_wconf 89' lang='lat' dir='ltr'><strong>libros</strong></span> <span class='ocrx_word' id='word_1_52' title='bbox 830 1137 947 1214; x_wconf 86' lang='lat' dir='ltr'><strong>laudat,</strong></span> <span class='ocrx_word' id='word_1_53' title='bbox 958 1158 1030 1216; x_wconf 90' lang='lat' dir='ltr'><strong>quos</strong></span> <span class='ocrx_word' id='word_1_54' title='bbox 1041 1140 1190 1202; x_wconf 84' lang='lat' dir='ltr'><strong>etiamEr.</strong></span> <span class='ocrx_word' id='word_1_55' title='bbox 1204 1141 1407 1217; x_wconf 80' lang='lat' dir='ltr'><strong>Windi&#39;rigiut</strong></span> 
     </span>
    </p>
   </div>
   <div class='ocr_carea' id='block_1_5' title="bbox 243 1241 1434 1539">
    <p class='ocr_par' dir='ltr' id='par_1_5' title="bbox 243 1236 1503 1539">
     <span class='ocr_line' id='line_1_8' title="bbox 363 1241 1434 1322; baseline -0.004 -14"><span class='ocrx_word' id='word_1_56' title='bbox 363 1265 400 1308; x_wconf 84' lang='lat' dir='ltr'><strong>eir</strong></span> <span class='ocrx_word' id='word_1_57' title='bbox 414 1243 571 1306; x_wconf 85' lang='lat' dir='ltr'><strong>Codicibus</strong></span> <span class='ocrx_word' id='word_1_58' title='bbox 588 1242 645 1306; x_wconf 90' lang='lat' dir='ltr'><strong>suis</strong></span> <span class='ocrx_word' id='word_1_59' title='bbox 654 1243 786 1322; x_wconf 90' lang='lat' dir='ltr'><strong>prodidit</strong></span> <span class='ocrx_word' id='word_1_60' title='bbox 802 1243 918 1305; x_wconf 84' lang='lat' dir='ltr'><strong>Hasniae</strong></span> <span class='ocrx_word' id='word_1_61' title='bbox 933 1260 1021 1319; x_wconf 85' lang='lat'>1715.</span> <span class='ocrx_word' id='word_1_62' title='bbox 1040 1253 1107 1312; x_wconf 88' lang='lat' dir='ltr'><strong>8vo.</strong></span> <span class='ocrx_word' id='word_1_63' title='bbox 1126 1241 1291 1304; x_wconf 80' lang='lat' dir='ltr'><strong>foedissimis</strong></span> <span class='ocrx_word' id='word_1_64' title='bbox 1302 1256 1405 1306; x_wconf 86' lang='lat' dir='ltr'><strong>tamen</strong></span> <span class='ocrx_word' id='word_1_65' title='bbox 1431 1295 1434 1301; x_wconf 90' lang='lat'>.</span> 
     </span>
     <span class='ocr_line' id='line_1_9' title="bbox 362 1345 1406 1427; baseline -0.001 -17"><span class='ocrx_word' id='word_1_66' title='bbox 362 1363 500 1427; x_wconf 83' lang='lat' dir='ltr'>typorum</span> <span class='ocrx_word' id='word_1_67' title='bbox 515 1347 658 1410; x_wconf 85' lang='lat' dir='ltr'><strong>erroribus</strong></span> <span class='ocrx_word' id='word_1_68' title='bbox 684 1359 853 1426; x_wconf 83' lang='lat' dir='ltr'><strong>corruptos,</strong></span> <span class='ocrx_word' id='word_1_69' title='bbox 885 1347 925 1408; x_wconf 92' lang='lat' dir='ltr'><strong>de</strong></span> <span class='ocrx_word' id='word_1_70' title='bbox 945 1345 1048 1423; x_wconf 89' lang='lat' dir='ltr'><strong>quibus</strong></span> <span class='ocrx_word' id='word_1_71' title='bbox 1067 1345 1175 1424; x_wconf 89' lang='lat' dir='ltr'><strong>ubique</strong></span> <span class='ocrx_word' id='word_1_72' title='bbox 1189 1345 1335 1408; x_wconf 71' lang='lat' dir='ltr'><strong>letiorem</strong></span> <span class='ocrx_word' id='word_1_73' title='bbox 1355 1347 1406 1409; x_wconf 87' lang='lat' dir='ltr'><strong>ad·</strong></span> 
     </span>
     <span class='ocr_line' id='line_1_10' title="bbox 243 1449 1408 1539; baseline 0 -27"><span class='ocrx_word' id='word_1_74' title='bbox 243 1529 248 1539; x_wconf 82' lang='lat'>.</span> <span class='ocrx_word' id='word_1_75' title='bbox 365 1471 593 1529; x_wconf 82' lang='lat' dir='ltr'><strong>monereoperae</strong></span> <span class='ocrx_word' id='word_1_76' title='bbox 613 1471 675 1512; x_wconf 91' lang='lat' dir='ltr'><strong>non</strong></span> <span class='ocrx_word' id='word_1_77' title='bbox 696 1463 767 1512; x_wconf 84' lang='lat' dir='ltr'><strong>erat.</strong></span> <span class='ocrx_word' id='word_1_78' title='bbox 809 1450 886 1512; x_wconf 88' lang='lat' dir='ltr'><strong>Inde</strong></span> <span class='ocrx_word' id='word_1_79' title='bbox 898 1469 968 1512; x_wconf 91' lang='lat' dir='ltr'><strong>vero</strong></span> <span class='ocrx_word' id='word_1_80' title='bbox 990 1449 1100 1511; x_wconf 77' lang='lat' dir='ltr'><strong>fartum</strong></span> <span class='ocrx_word' id='word_1_81' title='bbox 1117 1450 1173 1526; x_wconf 81' lang='lat' dir='ltr'><strong>est,</strong></span> <span class='ocrx_word' id='word_1_82' title='bbox 1200 1466 1236 1527; x_wconf 67' lang='lat' dir='ltr'><strong>ut</strong></span> <span class='ocrx_word' id='word_1_83' title='bbox 1252 1451 1348 1514; x_wconf 86' lang='lat' dir='ltr'><strong>versio</strong></span> <span class='ocrx_word' id='word_1_84' title='bbox 1365 1451 1408 1512; x_wconf 87' lang='lat' dir='ltr'><strong>la-</strong></span> 
     </span>
    </p>
   </div>
   <div class='ocr_carea' id='block_1_6' title="bbox 364 1552 1407 1633">
    <p class='ocr_par' dir='ltr' id='par_1_6' title="bbox 364 1552 1407 1633">
     <span class='ocr_line' id='line_1_11' title="bbox 364 1552 1407 1633; baseline -0.001 -15"><span class='ocrx_word' id='word_1_85' title='bbox 364 1557 425 1618; x_wconf 90' lang='lat' dir='ltr'><strong>tina</strong></span> <span class='ocrx_word' id='word_1_86' title='bbox 446 1556 482 1617; x_wconf 85' lang='lat' dir='ltr'><strong>ab</strong></span> <span class='ocrx_word' id='word_1_87' title='bbox 496 1557 625 1633; x_wconf 81' lang='lat' dir='ltr'><strong>Erufmo</strong></span> <span class='ocrx_word' id='word_1_88' title='bbox 643 1556 822 1632; x_wconf 77' lang='lat' dir='ltr'><strong>Windingio</strong></span> <span class='ocrx_word' id='word_1_89' title='bbox 839 1555 976 1630; x_wconf 73' lang='lat' dir='ltr'><strong>adjesta,</strong></span> <span class='ocrx_word' id='word_1_90' title='bbox 1005 1552 1205 1631; x_wconf 73' lang='lat' dir='ltr'>saepenumero</span> <span class='ocrx_word' id='word_1_91' title='bbox 1217 1554 1254 1616; x_wconf 89' lang='lat' dir='ltr'><strong>ab</strong></span> <span class='ocrx_word' id='word_1_92' title='bbox 1269 1556 1407 1618; x_wconf 88' lang='lat' dir='ltr'><strong>oratione</strong></span> 
     </span>
    </p>
   </div>
   <div class='ocr_carea' id='block_1_7' title="bbox 282 1655 1503 1737">
    <p class='ocr_par' dir='ltr' id='par_1_7' title="bbox 282 1655 1503 1737">
     <span class='ocr_line' id='line_1_12' title="bbox 282 1655 1503 1737; baseline 0.001 -17"><span class='ocrx_word' id='word_1_93' title='bbox 282 1671 284 1675; x_wconf 81' lang='grc'>’</span> <span class='ocrx_word' id='word_1_94' title='bbox 365 1677 458 1737; x_wconf 82' lang='lat' dir='ltr'><strong>graeca</strong></span> <span class='ocrx_word' id='word_1_95' title='bbox 476 1657 668 1736; x_wconf 78' lang='lat' dir='ltr'><strong>discreparet,</strong></span> <span class='ocrx_word' id='word_1_96' title='bbox 689 1655 873 1719; x_wconf 73' lang='lat' dir='ltr'><strong>&amp;sessorem</strong></span> <span class='ocrx_word' id='word_1_97' title='bbox 887 1657 977 1736; x_wconf 86' lang='lat' dir='ltr'><strong>magis</strong></span> <span class='ocrx_word' id='word_1_98' title='bbox 994 1659 1180 1735; x_wconf 87' lang='lat' dir='ltr'><strong>impediret,</strong></span> <span class='ocrx_word' id='word_1_99' title='bbox 1211 1679 1301 1736; x_wconf 87' lang='lat' dir='ltr'><strong>quam</strong></span> <span class='ocrx_word' id='word_1_100' title='bbox 1318 1658 1407 1722; x_wconf 87' lang='lat' dir='ltr'><strong>intel·</strong></span> <span class='ocrx_word' id='word_1_101' title='bbox 1502 1686 1503 1711; x_wconf 72' lang='lat' dir='ltr'><strong>i</strong></span> 
     </span>
    </p>
   </div>
   <div class='ocr_carea' id='block_1_8' title="bbox 292 1759 1503 3190">
    <p class='ocr_par' dir='ltr' id='par_1_8' title="bbox 292 1759 1503 2776">
     <span class='ocr_line' id='line_1_13' title="bbox 362 1759 1407 1836; baseline 0.007 -16"><span class='ocrx_word' id='word_1_102' title='bbox 362 1760 472 1826; x_wconf 67' lang='lat' dir='ltr'><strong>sessum</strong></span> <span class='ocrx_word' id='word_1_103' title='bbox 499 1759 657 1822; x_wconf 90' lang='lat' dir='ltr'><strong>verborum</strong></span> <span class='ocrx_word' id='word_1_104' title='bbox 685 1761 845 1836; x_wconf 84' lang='lat' dir='ltr'><strong>adjuvaret.</strong></span> <span class='ocrx_word' id='word_1_105' title='bbox 887 1760 1088 1824; x_wconf 85' lang='lat' dir='ltr'><strong>Substituimus</strong></span> <span class='ocrx_word' id='word_1_106' title='bbox 1109 1776 1210 1826; x_wconf 80' lang='lat' dir='ltr'><strong>autem</strong></span> <span class='ocrx_word' id='word_1_107' title='bbox 1238 1763 1407 1827; x_wconf 77' lang='lat' dir='ltr'><strong>versionem</strong></span> 
     </span>
     <span class='ocr_line' id='line_1_14' title="bbox 369 1864 1405 1944; baseline 0.004 -18"><span class='ocrx_word' id='word_1_108' title='bbox 369 1865 583 1944; x_wconf 81' lang='lat' dir='ltr'><strong>Gesneri&#39;oiiam</strong></span> <span class='ocrx_word' id='word_1_109' title='bbox 601 1884 639 1926; x_wconf 87' lang='lat' dir='ltr'><strong>ex</strong></span> <span class='ocrx_word' id='word_1_110' title='bbox 653 1884 741 1942; x_wconf 88' lang='lat' dir='ltr'><strong>opere</strong></span> <span class='ocrx_word' id='word_1_111' title='bbox 759 1865 911 1927; x_wconf 78' lang='lat' dir='ltr'><strong>dennuni</strong></span> <span class='ocrx_word' id='word_1_112' title='bbox 918 1864 1033 1927; x_wconf 79' lang='lat' dir='ltr'><strong>historia</strong></span> <span class='ocrx_word' id='word_1_113' title='bbox 1051 1865 1405 1942; x_wconf 73' lang='lat' dir='ltr'><strong>collestam,nonsolum</strong></span> 
     </span>
     <span class='ocr_line' id='line_1_15' title="bbox 367 1967 1406 2048; baseline 0.006 -20"><span class='ocrx_word' id='word_1_114' title='bbox 367 1969 446 2045; x_wconf 75' lang='lat' dir='ltr'><strong>(prod</strong></span> <span class='ocrx_word' id='word_1_115' title='bbox 472 1967 588 2030; x_wconf 88' lang='lat' dir='ltr'><strong>latinior</strong></span> <span class='ocrx_word' id='word_1_116' title='bbox 603 1967 688 2028; x_wconf 88' lang='lat' dir='ltr'><strong>nobis</strong></span> <span class='ocrx_word' id='word_1_117' title='bbox 706 1967 884 2038; x_wconf 88' lang='lat' dir='ltr'><strong>videbatur,</strong></span> <span class='ocrx_word' id='word_1_118' title='bbox 920 1969 970 2031; x_wconf 90' lang='lat' dir='ltr'><strong>sed</strong></span> <span class='ocrx_word' id='word_1_119' title='bbox 990 1968 1065 2032; x_wconf 88' lang='lat' dir='ltr'><strong>illud</strong></span> <span class='ocrx_word' id='word_1_120' title='bbox 1085 1971 1175 2031; x_wconf 90' lang='lat' dir='ltr'><strong>etiam</strong></span> <span class='ocrx_word' id='word_1_121' title='bbox 1197 1971 1406 2048; x_wconf 83' lang='lat' dir='ltr'><strong>consequimur</strong></span> 
     </span>
     <span class='ocr_line' id='line_1_16' title="bbox 365 2069 1418 2150; baseline 0.007 -20"><span class='ocrx_word' id='word_1_122' title='bbox 365 2071 454 2144; x_wconf 88' lang='lat' dir='ltr'><strong>inde,</strong></span> <span class='ocrx_word' id='word_1_123' title='bbox 475 2083 510 2132; x_wconf 89' lang='lat' dir='ltr'><strong>ut</strong></span> <span class='ocrx_word' id='word_1_124' title='bbox 524 2071 647 2146; x_wconf 88' lang='lat' dir='ltr'><strong>judicari</strong></span> <span class='ocrx_word' id='word_1_125' title='bbox 661 2069 763 2148; x_wconf 87' lang='lat' dir='ltr'><strong>poffit,</strong></span> <span class='ocrx_word' id='word_1_126' title='bbox 798 2074 922 2150; x_wconf 86' lang='lat' dir='ltr'><strong>quasin</strong></span> <span class='ocrx_word' id='word_1_127' title='bbox 949 2073 1053 2135; x_wconf 90' lang='lat' dir='ltr'><strong>codice</strong></span> <span class='ocrx_word' id='word_1_128' title='bbox 1080 2072 1133 2134; x_wconf 92' lang='lat' dir='ltr'><strong>suo</strong></span> <span class='ocrx_word' id='word_1_129' title='bbox 1157 2075 1201 2136; x_wconf 88' lang='lat' dir='ltr'><strong>vir</strong></span> <span class='ocrx_word' id='word_1_130' title='bbox 1228 2074 1418 2146; x_wconf 87' lang='lat' dir='ltr'><strong>immortalis</strong></span> 
     </span>
     <span class='ocr_line' id='line_1_17' title="bbox 364 2173 1407 2252; baseline 0.008 -18"><span class='ocrx_word' id='word_1_131' title='bbox 364 2173 503 2236; x_wconf 69' lang='lat' dir='ltr'><strong>sessiones</strong></span> <span class='ocrx_word' id='word_1_132' title='bbox 517 2175 667 2250; x_wconf 84' lang='lat' dir='ltr'><strong>repererit.</strong></span> <span class='ocrx_word' id='word_1_133' title='bbox 709 2174 835 2252; x_wconf 85' lang='lat' dir='ltr'><strong>Singulis</strong></span> <span class='ocrx_word' id='word_1_134' title='bbox 851 2175 1052 2252; x_wconf 87' lang='lat' dir='ltr'><strong>tamenlocis,</strong></span> <span class='ocrx_word' id='word_1_135' title='bbox 1066 2177 1118 2240; x_wconf 90' lang='lat' dir='ltr'><strong>ubi</strong></span> <span class='ocrx_word' id='word_1_136' title='bbox 1142 2178 1334 2240; x_wconf 88' lang='lat' dir='ltr'><strong>dubitationis</strong></span> <span class='ocrx_word' id='word_1_137' title='bbox 1355 2179 1407 2242; x_wconf 88' lang='lat' dir='ltr'><strong>ali-</strong></span> 
     </span>
     <span class='ocr_line' id='line_1_18' title="bbox 304 2275 1407 2361; baseline 0.01 -24"><span class='ocrx_word' id='word_1_138' title='bbox 304 2299 312 2314; x_wconf 40' lang='lat' dir='ltr'><strong>s</strong></span> <span class='ocrx_word' id='word_1_139' title='bbox 366 2297 454 2355; x_wconf 88' lang='lat' dir='ltr'><strong>quani</strong></span> <span class='ocrx_word' id='word_1_140' title='bbox 475 2278 619 2338; x_wconf 87' lang='lat' dir='ltr'><strong>rationem</strong></span> <span class='ocrx_word' id='word_1_141' title='bbox 643 2275 751 2340; x_wconf 88' lang='lat' dir='ltr'><strong>habere</strong></span> <span class='ocrx_word' id='word_1_142' title='bbox 768 2277 842 2340; x_wconf 87' lang='lat' dir='ltr'><strong>mihi</strong></span> <span class='ocrx_word' id='word_1_143' title='bbox 864 2279 1001 2355; x_wconf 91' lang='lat' dir='ltr'><strong>videbar,</strong></span> <span class='ocrx_word' id='word_1_144' title='bbox 1022 2281 1160 2342; x_wconf 70' lang='lat' dir='ltr'><strong>versionis</strong></span> <span class='ocrx_word' id='word_1_145' title='bbox 1178 2283 1407 2361; x_wconf 77' lang='lat' dir='ltr'><strong>Windingiunae</strong></span> 
     </span>
     <span class='ocr_line' id='line_1_19' title="bbox 366 2381 1479 2462; baseline 0.007 -18"><span class='ocrx_word' id='word_1_146' title='bbox 366 2383 549 2444; x_wconf 88' lang='lat' dir='ltr'><strong>mentionem</strong></span> <span class='ocrx_word' id='word_1_147' title='bbox 570 2381 648 2456; x_wconf 88' lang='lat' dir='ltr'><strong>seci,</strong></span> <span class='ocrx_word' id='word_1_148' title='bbox 670 2399 725 2441; x_wconf 91' lang='lat' dir='ltr'><strong>nec</strong></span> <span class='ocrx_word' id='word_1_149' title='bbox 740 2382 995 2444; x_wconf 89' lang='lat' dir='ltr'><strong>annotatiunculas</strong></span> <span class='ocrx_word' id='word_1_150' title='bbox 1021 2384 1144 2462; x_wconf 82' lang='lat' dir='ltr'><strong>Gesncri</strong></span> <span class='ocrx_word' id='word_1_151' title='bbox 1166 2385 1200 2446; x_wconf 87' lang='lat' dir='ltr'><strong>in</strong></span> <span class='ocrx_word' id='word_1_152' title='bbox 1221 2387 1409 2451; x_wconf 81' lang='lat' dir='ltr'><strong>attimadver·</strong></span> <span class='ocrx_word' id='word_1_153' title='bbox 1477 2442 1479 2445; x_wconf 94' lang='lat'>.</span> 
     </span>
     <span class='ocr_line' id='line_1_20' title="bbox 365 2483 1408 2568; baseline 0.009 -22"><span class='ocrx_word' id='word_1_154' title='bbox 365 2487 458 2547; x_wconf 87' lang='lat' dir='ltr'><strong>siones</strong></span> <span class='ocrx_word' id='word_1_155' title='bbox 477 2485 585 2546; x_wconf 82' lang='lat' dir='ltr'><strong>nostras</strong></span> <span class='ocrx_word' id='word_1_156' title='bbox 604 2483 712 2562; x_wconf 86' lang='lat' dir='ltr'><strong>referre</strong></span> <span class='ocrx_word' id='word_1_157' title='bbox 727 2484 818 2546; x_wconf 91' lang='lat' dir='ltr'><strong>omisi.</strong></span> <span class='ocrx_word' id='word_1_158' title='bbox 862 2485 1038 2565; x_wconf 85' lang='lat' dir='ltr'><strong>Exemplum</strong></span> <span class='ocrx_word' id='word_1_159' title='bbox 1055 2487 1153 2564; x_wconf 90' lang='lat' dir='ltr'><strong>ipsum</strong></span> <span class='ocrx_word' id='word_1_160' title='bbox 1165 2509 1203 2550; x_wconf 83' lang='lat' dir='ltr'><strong>ex</strong></span> <span class='ocrx_word' id='word_1_161' title='bbox 1220 2511 1280 2568; x_wconf 87' lang='lat' dir='ltr'><strong>quo</strong></span> <span class='ocrx_word' id='word_1_162' title='bbox 1299 2495 1408 2555; x_wconf 88' lang='lat' dir='ltr'><strong>codice</strong></span> 
     </span>
     <span class='ocr_line' id='line_1_21' title="bbox 366 2587 1406 2669; baseline 0.008 -15"><span class='ocrx_word' id='word_1_163' title='bbox 366 2589 544 2667; x_wconf 82' lang='lat' dir='ltr'><strong>descriptum</strong></span> <span class='ocrx_word' id='word_1_164' title='bbox 564 2587 667 2661; x_wconf 83' lang='lat' dir='ltr'><strong>suerit,</strong></span> <span class='ocrx_word' id='word_1_165' title='bbox 695 2588 893 2666; x_wconf 80' lang='lat' dir='ltr'><strong>Windiiigiiir</strong></span> <span class='ocrx_word' id='word_1_166' title='bbox 912 2588 959 2650; x_wconf 89' lang='lat' dir='ltr'><strong>his</strong></span> <span class='ocrx_word' id='word_1_167' title='bbox 973 2591 1406 2669; x_wconf 82' lang='lat' dir='ltr'><strong>verbisinpraefationedocet.</strong></span> 
     </span>
     <span class='ocr_line' id='line_1_22' title="bbox 292 2684 1503 2776; baseline 0.009 -22"><span class='ocrx_word' id='word_1_168' title='bbox 292 2690 293 2693; x_wconf 63' lang='grc'>’</span> <span class='ocrx_word' id='word_1_169' title='bbox 367 2691 464 2755; x_wconf 82' lang='lat' dir='ltr'><strong>“Usus</strong></span> <span class='ocrx_word' id='word_1_170' title='bbox 479 2705 578 2754; x_wconf 84' lang='lat' dir='ltr'><strong>autem</strong></span> <span class='ocrx_word' id='word_1_171' title='bbox 595 2690 658 2752; x_wconf 91' lang='lat' dir='ltr'><strong>sum</strong></span> <span class='ocrx_word' id='word_1_172' title='bbox 674 2690 788 2754; x_wconf 90' lang='lat' dir='ltr'><strong>duobus</strong></span> <span class='ocrx_word' id='word_1_173' title='bbox 808 2691 882 2754; x_wconf 78' lang='lat' dir='ltr'><strong>mos</strong></span> <span class='ocrx_word' id='word_1_174' title='bbox 895 2691 1108 2770; x_wconf 88' lang='lat' dir='ltr'><strong>exemplaribus</strong></span> <span class='ocrx_word' id='word_1_175' title='bbox 1126 2698 1248 2772; x_wconf 85' lang='lat' dir='ltr'><strong>graecis,</strong></span> <span class='ocrx_word' id='word_1_176' title='bbox 1276 2719 1407 2776; x_wconf 85' lang='lat' dir='ltr'><strong>quorum</strong></span> <span class='ocrx_word' id='word_1_177' title='bbox 1502 2684 1503 2769; x_wconf 87' lang='lat'>¹</span> 
     </span>
    </p>

    <p class='ocr_par' dir='ltr' id='par_1_9' title="bbox 335 2776 1503 3190">
     <span class='ocr_line' id='line_1_23' title="bbox 335 2776 1503 2882; baseline 0.009 -25"><span class='ocrx_word' id='word_1_178' title='bbox 335 2803 340 2816; x_wconf 84' lang='grc'><strong>”</strong></span> <span class='ocrx_word' id='word_1_179' title='bbox 365 2796 490 2858; x_wconf 88' lang='lat' dir='ltr'><strong>alterum</strong></span> <span class='ocrx_word' id='word_1_180' title='bbox 505 2816 593 2860; x_wconf 85' lang='lat' dir='ltr'><strong>manu</strong></span> <span class='ocrx_word' id='word_1_181' title='bbox 607 2797 654 2856; x_wconf 84' lang='lat' dir='ltr'><strong>avi</strong></span> <span class='ocrx_word' id='word_1_182' title='bbox 674 2797 733 2856; x_wconf 88' lang='lat' dir='ltr'><strong>mei</strong></span> <span class='ocrx_word' id='word_1_183' title='bbox 756 2797 871 2872; x_wconf 86' lang='lat' dir='ltr'><strong>paterni</strong></span> <span class='ocrx_word' id='word_1_184' title='bbox 894 2797 1004 2858; x_wconf 88' lang='lat' dir='ltr'><strong>Erasini</strong></span> <span class='ocrx_word' id='word_1_185' title='bbox 1021 2798 1191 2877; x_wconf 84' lang='lat' dir='ltr'><strong>Windingii</strong></span> <span class='ocrx_word' id='word_1_186' title='bbox 1211 2801 1406 2882; x_wconf 84' lang='lat' dir='ltr'><strong>descriptum,</strong></span> <span class='ocrx_word' id='word_1_187' title='bbox 1501 2776 1503 2797; x_wconf 89' lang='lat'>¹</span> 
     </span>
     <span class='ocr_line' id='line_1_24' title="bbox 367 2896 1410 2976; baseline 0.011 -16"><span class='ocrx_word' id='word_1_188' title='bbox 367 2900 491 2962; x_wconf 85' lang='lat' dir='ltr'><strong>alterurn</strong></span> <span class='ocrx_word' id='word_1_189' title='bbox 511 2898 641 2960; x_wconf 87' lang='lat' dir='ltr'><strong>Bartlioli</strong></span> <span class='ocrx_word' id='word_1_190' title='bbox 664 2896 828 2958; x_wconf 84' lang='lat' dir='ltr'><strong>Barrliolini</strong></span> <span class='ocrx_word' id='word_1_191' title='bbox 842 2897 956 2958; x_wconf 86' lang='lat' dir='ltr'><strong>calamo</strong></span> <span class='ocrx_word' id='word_1_192' title='bbox 976 2911 1147 2976; x_wconf 83' lang='lat' dir='ltr'><strong>exaratum,</strong></span> <span class='ocrx_word' id='word_1_193' title='bbox 1177 2923 1247 2965; x_wconf 90' lang='lat' dir='ltr'><strong>cum</strong></span> <span class='ocrx_word' id='word_1_194' title='bbox 1266 2907 1300 2966; x_wconf 88' lang='lat' dir='ltr'><strong>in</strong></span> <span class='ocrx_word' id='word_1_195' title='bbox 1321 2907 1410 2970; x_wconf 85' lang='lat' dir='ltr'><strong>Italia</strong></span> 
     </span>
     <span class='ocr_line' id='line_1_25' title="bbox 368 3000 1503 3077; baseline 0.011 -12"><span class='ocrx_word' id='word_1_196' title='bbox 368 3001 457 3076; x_wconf 85' lang='lat' dir='ltr'><strong>esset,</strong></span> <span class='ocrx_word' id='word_1_197' title='bbox 481 3003 520 3064; x_wconf 88' lang='lat' dir='ltr'><strong>ad</strong></span> <span class='ocrx_word' id='word_1_198' title='bbox 535 3001 628 3064; x_wconf 87' lang='lat' dir='ltr'><strong>fidem</strong></span> <span class='ocrx_word' id='word_1_199' title='bbox 642 3001 760 3062; x_wconf 89' lang='lat' dir='ltr'><strong>Codicis</strong></span> <span class='ocrx_word' id='word_1_200' title='bbox 779 3000 933 3076; x_wconf 81' lang='lat' dir='ltr'><strong>Vaticani,</strong></span> <span class='ocrx_word' id='word_1_201' title='bbox 958 3014 993 3063; x_wconf 91' lang='lat' dir='ltr'><strong>ut</strong></span> <span class='ocrx_word' id='word_1_202' title='bbox 1006 3022 1044 3063; x_wconf 85' lang='lat' dir='ltr'><strong>ex</strong></span> <span class='ocrx_word' id='word_1_203' title='bbox 1060 3006 1318 3074; x_wconf 81' lang='lat' dir='ltr'><strong>emendationibus</strong></span> <span class='ocrx_word' id='word_1_204' title='bbox 1331 3032 1411 3075; x_wconf 81' lang='lat' dir='ltr'><strong>mar-</strong></span> <span class='ocrx_word' id='word_1_205' title='bbox 1502 3038 1503 3077; x_wconf 81' lang='lat' dir='ltr'><strong>i</strong></span> 
     </span>
     <span class='ocr_line' id='line_1_26' title="bbox 368 3082 1503 3190; baseline 0.01 -22"><span class='ocrx_word' id='word_1_206' title='bbox 368 3104 512 3186; x_wconf 79' lang='lat' dir='ltr'><strong>girralibus</strong></span> <span class='ocrx_word' id='word_1_207' title='bbox 530 3105 617 3166; x_wconf 75' lang='lat' dir='ltr'><strong>Lucia</strong></span> <span class='ocrx_word' id='word_1_208' title='bbox 633 3103 781 3182; x_wconf 83' lang='lat' dir='ltr'><strong>Holstenii&#39;</strong></span> <span class='ocrx_word' id='word_1_209' title='bbox 797 3104 934 3184; x_wconf 84' lang='lat' dir='ltr'><strong>colligere</strong></span> <span class='ocrx_word' id='word_1_210' title='bbox 945 3105 1024 3168; x_wconf 88' lang='lat' dir='ltr'><strong>licet</strong></span> <span class='ocrx_word' id='word_1_211' title='bbox 1034 3107 1051 3133; x_wconf 87' lang='lat'><strong>&#39;&#39;</strong></span> <span class='ocrx_word' id='word_1_212' title='bbox 1091 3108 1138 3172; x_wconf 88' lang='lat' dir='ltr'><strong>De</strong></span> <span class='ocrx_word' id='word_1_213' title='bbox 1148 3111 1296 3190; x_wconf 82' lang='lat' dir='ltr'><strong>Holsteni&#39;i&#39;</strong></span> <span class='ocrx_word' id='word_1_214' title='bbox 1306 3135 1411 3178; x_wconf 89' lang='lat' dir='ltr'><strong>emen·</strong></span> <span class='ocrx_word' id='word_1_215' title='bbox 1502 3082 1503 3111; x_wconf 95' lang='lat'>¹</span> 
     </span>
    </p>
   </div>
   <div class='ocr_carea' id='block_1_9' title="bbox 284 3207 1503 3295">
    <p class='ocr_par' dir='ltr' id='par_1_10' title="bbox 284 3207 1503 3295">
     <span class='ocr_line' id='line_1_27' title="bbox 284 3207 1503 3295; baseline 0.031 -41"><span class='ocrx_word' id='word_1_216' title='bbox 284 3228 289 3232; x_wconf 34' lang='grc' dir='ltr'><em>ι</em></span> <span class='ocrx_word' id='word_1_217' title='bbox 368 3207 534 3282; x_wconf 68' lang='lat' dir='ltr'><strong>dationibus</strong></span> <span class='ocrx_word' id='word_1_218' title='bbox 550 3208 681 3286; x_wconf 88' lang='lat' dir='ltr'><strong>quidsit,</strong></span> <span class='ocrx_word' id='word_1_219' title='bbox 704 3208 814 3270; x_wconf 90' lang='lat' dir='ltr'><strong>nescio.</strong></span> <span class='ocrx_word' id='word_1_220' title='bbox 846 3208 951 3277; x_wconf 46' lang='lat' dir='ltr'><strong>,Nullae</strong></span> <span class='ocrx_word' id='word_1_221' title='bbox 967 3211 1264 3295; x_wconf 83' lang='lat' dir='ltr'><strong>eniminWindingii</strong></span> <span class='ocrx_word' id='word_1_222' title='bbox 1273 3219 1410 3284; x_wconf 82' lang='lat' dir='ltr'><strong>editione</strong></span> <span class='ocrx_word' id='word_1_223' title='bbox 1502 3278 1503 3293; x_wconf 52' lang='lat' dir='ltr'><strong>i</strong></span> 
     </span>
    </p>
   </div>
   <div class='ocr_carea' id='block_1_10' title="bbox 278 3311 1503 3599">
    <p class='ocr_par' dir='ltr' id='par_1_11' title="bbox 278 3298 1503 3599">
     <span class='ocr_line' id='line_1_28' title="bbox 367 3311 1408 3392; baseline 0.011 -17"><span class='ocrx_word' id='word_1_224' title='bbox 367 3325 518 3392; x_wconf 83' lang='lat' dir='ltr'><strong>apparent.</strong></span> <span class='ocrx_word' id='word_1_225' title='bbox 566 3311 671 3376; x_wconf 80' lang='lat' dir='ltr'><strong>Mirari</strong></span> <span class='ocrx_word' id='word_1_226' title='bbox 688 3311 782 3388; x_wconf 85' lang='lat' dir='ltr'><strong>subit,</strong></span> <span class='ocrx_word' id='word_1_227' title='bbox 814 3311 998 3376; x_wconf 83' lang='lat' dir='ltr'><strong>Gesnerianae</strong></span> <span class='ocrx_word' id='word_1_228' title='bbox 1015 3315 1154 3379; x_wconf 77' lang='lat' dir='ltr'><strong>versionis</strong></span> <span class='ocrx_word' id='word_1_229' title='bbox 1180 3317 1224 3380; x_wconf 91' lang='lat' dir='ltr'><strong>ibi</strong></span> <span class='ocrx_word' id='word_1_230' title='bbox 1249 3341 1291 3384; x_wconf 88' lang='lat' dir='ltr'><strong>ne</strong></span> <span class='ocrx_word' id='word_1_231' title='bbox 1312 3325 1408 3387; x_wconf 86' lang='lat' dir='ltr'><strong>verbo</strong></span> 
     </span>
     <span class='ocr_line' id='line_1_29' title="bbox 367 3415 1503 3505; baseline 0.013 -26"><span class='ocrx_word' id='word_1_232' title='bbox 367 3416 487 3495; x_wconf 90' lang='lat' dir='ltr'><strong>quidem</strong></span> <span class='ocrx_word' id='word_1_233' title='bbox 507 3417 688 3478; x_wconf 87' lang='lat' dir='ltr'><strong>mentionem</strong></span> <span class='ocrx_word' id='word_1_234' title='bbox 705 3417 812 3494; x_wconf 70' lang='lat' dir='ltr'><strong>injici,</strong></span> <span class='ocrx_word' id='word_1_235' title='bbox 833 3437 903 3478; x_wconf 91' lang='lat' dir='ltr'><strong>cum</strong></span> <span class='ocrx_word' id='word_1_236' title='bbox 919 3415 989 3478; x_wconf 87' lang='lat' dir='ltr'><strong>alibi</strong></span> <span class='ocrx_word' id='word_1_237' title='bbox 1008 3428 1110 3480; x_wconf 78' lang='lat' dir='ltr'><strong>tamen</strong></span> <span class='ocrx_word' id='word_1_238' title='bbox 1122 3421 1278 3486; x_wconf 87' lang='lat' dir='ltr'><strong>Historiam</strong></span> <span class='ocrx_word' id='word_1_239' title='bbox 1298 3429 1409 3492; x_wconf 85' lang='lat' dir='ltr'><strong>Avium</strong></span> <span class='ocrx_word' id='word_1_240' title='bbox 1502 3446 1503 3505; x_wconf 46' lang='grc' dir='ltr'>ᾗ</span> 
     </span>
     <span class='ocr_line' id='line_1_30' title="bbox 278 3517 1410 3599; baseline 0.013 -19"><span class='ocrx_word' id='word_1_241' title='bbox 278 3555 279 3560; x_wconf 42' lang='lat'>1</span> <span class='ocrx_word' id='word_1_242' title='bbox 365 3519 574 3592; x_wconf 86' lang='lat' dir='ltr'><strong>Gesnerianam</strong></span> <span class='ocrx_word' id='word_1_243' title='bbox 594 3517 746 3599; x_wconf 85' lang='lat' dir='ltr'><strong>perlegisse</strong></span> <span class='ocrx_word' id='word_1_244' title='bbox 758 3521 852 3584; x_wconf 89' lang='lat' dir='ltr'><strong>videri</strong></span> <span class='ocrx_word' id='word_1_245' title='bbox 865 3521 1000 3584; x_wconf 81' lang='lat' dir='ltr'><strong>voluerit</strong></span> <span class='ocrx_word' id='word_1_246' title='bbox 1047 3523 1107 3584; x_wconf 86' lang='lat' dir='ltr'><strong>Sed</strong></span> <span class='ocrx_word' id='word_1_247' title='bbox 1123 3525 1280 3591; x_wconf 86' lang='lat' dir='ltr'><strong>redeamus</strong></span> <span class='ocrx_word' id='word_1_248' title='bbox 1300 3533 1340 3592; x_wconf 90' lang='lat' dir='ltr'><strong>ad</strong></span> <span class='ocrx_word' id='word_1_249' title='bbox 1355 3533 1410 3595; x_wconf 87' lang='lat' dir='ltr'><strong>Pa-</strong></span> 
     </span>
    </p>
   </div>
   <div class='ocr_carea' id='block_1_11' title="bbox 367 3623 1503 3908">
    <p class='ocr_par' dir='ltr' id='par_1_12' title="bbox 367 3623 1503 3908">
     <span class='ocr_line' id='line_1_31' title="bbox 367 3623 1503 3706; baseline 0.006 -18"><span class='ocrx_word' id='word_1_250' title='bbox 367 3623 516 3702; x_wconf 83' lang='lat' dir='ltr'><strong>raphrasin</strong></span> <span class='ocrx_word' id='word_1_251' title='bbox 529 3623 775 3702; x_wconf 83' lang='lat' dir='ltr'><strong>Cynegeticorum</strong></span> <span class='ocrx_word' id='word_1_252' title='bbox 795 3628 827 3687; x_wconf 80' lang='lat' dir='ltr'><strong>dc</strong></span> <span class='ocrx_word' id='word_1_253' title='bbox 844 3623 1098 3702; x_wconf 81' lang='lat' dir='ltr'><strong>Halieuticorum‚</strong></span> <span class='ocrx_word' id='word_1_254' title='bbox 1118 3628 1157 3691; x_wconf 89' lang='lat' dir='ltr'><strong>de</strong></span> <span class='ocrx_word' id='word_1_255' title='bbox 1168 3649 1225 3706; x_wconf 84' lang='lat' dir='ltr'><strong>qua</strong></span> <span class='ocrx_word' id='word_1_256' title='bbox 1247 3633 1348 3698; x_wconf 90' lang='lat' dir='ltr'><strong>dicere</strong></span> <span class='ocrx_word' id='word_1_257' title='bbox 1363 3639 1410 3698; x_wconf 88' lang='lat' dir='ltr'><strong>in·</strong></span> <span class='ocrx_word' id='word_1_258' title='bbox 1502 3624 1503 3695; x_wconf 73' lang='grc' dir='ltr'>Ϊ</span> 
     </span>
     <span class='ocr_line' id='line_1_32' title="bbox 367 3726 1503 3808; baseline 0.008 -20"><span class='ocrx_word' id='word_1_259' title='bbox 367 3726 524 3788; x_wconf 81' lang='lat' dir='ltr'><strong>stitueram.</strong></span> <span class='ocrx_word' id='word_1_260' title='bbox 556 3727 733 3790; x_wconf 78' lang='lat' dir='ltr'><strong>Lumbeciiir</strong></span> <span class='ocrx_word' id='word_1_261' title='bbox 745 3730 834 3808; x_wconf 86' lang='lat' dir='ltr'><strong>igitur</strong></span> <span class='ocrx_word' id='word_1_262' title='bbox 846 3730 879 3790; x_wconf 90' lang='lat' dir='ltr'><strong>in</strong></span> <span class='ocrx_word' id='word_1_263' title='bbox 893 3729 1121 3792; x_wconf 74' lang='lat' dir='ltr'><strong>Commentde</strong></span> <span class='ocrx_word' id='word_1_264' title='bbox 1139 3732 1215 3794; x_wconf 90' lang='lat' dir='ltr'><strong>Bibl.</strong></span> <span class='ocrx_word' id='word_1_265' title='bbox 1232 3735 1407 3802; x_wconf 82' lang='lat' dir='ltr'><strong>Vindobon.</strong></span> <span class='ocrx_word' id='word_1_266' title='bbox 1502 3738 1503 3797; x_wconf 81' lang='lat'>3</span> 
     </span>
     <span class='ocr_line' id='line_1_33' title="bbox 369 3829 1503 3908; baseline 0.012 -15"><span class='ocrx_word' id='word_1_267' title='bbox 369 3830 404 3896; x_wconf 79' lang='lat' dir='ltr'><strong>T.</strong></span> <span class='ocrx_word' id='word_1_268' title='bbox 419 3829 459 3892; x_wconf 86' lang='grc' dir='ltr'><strong>Π..</strong></span> <span class='ocrx_word' id='word_1_269' title='bbox 479 3849 512 3908; x_wconf 89' lang='lat' dir='ltr'><strong>p.</strong></span> <span class='ocrx_word' id='word_1_270' title='bbox 526 3850 603 3906; x_wconf 80' lang='lat'><em>594..</em></span> <span class='ocrx_word' id='word_1_271' title='bbox 614 3832 656 3892; x_wconf 77' lang='lat' dir='ltr'><strong>ait</strong></span> <span class='ocrx_word' id='word_1_272' title='bbox 667 3833 700 3892; x_wconf 91' lang='lat' dir='ltr'><strong>in</strong></span> <span class='ocrx_word' id='word_1_273' title='bbox 714 3831 895 3895; x_wconf 83' lang='lat' dir='ltr'><strong>bibliotheca</strong></span> <span class='ocrx_word' id='word_1_274' title='bbox 913 3833 1134 3896; x_wconf 73' lang='lat' dir='ltr'><strong>vindobonensi</strong></span> <span class='ocrx_word' id='word_1_275' title='bbox 1149 3837 1259 3900; x_wconf 70' lang='lat' dir='ltr'><strong>existite</strong></span> <span class='ocrx_word' id='word_1_276' title='bbox 1269 3839 1411 3906; x_wconf 84' lang='lat' dir='ltr'><strong>Eutecnii</strong></span> <span class='ocrx_word' id='word_1_277' title='bbox 1502 3840 1503 3843; x_wconf 47' lang='lat'>&#39;</span> 
     </span>
    </p>
   </div>
   <div class='ocr_carea' id='block_1_12' title="bbox 368 3933 1503 4439">
    <p class='ocr_par' dir='ltr' id='par_1_13' title="bbox 368 3916 1503 4439">
     <span class='ocr_line' id='line_1_34' title="bbox 368 3933 1410 4020; baseline 0.018 -26"><span class='ocrx_word' id='word_1_278' title='bbox 368 3933 555 4015; x_wconf 73' lang='lat' dir='ltr'><strong>Pamphiaia</strong></span> <span class='ocrx_word' id='word_1_279' title='bbox 575 3936 609 3996; x_wconf 89' lang='lat' dir='ltr'><strong>in</strong></span> <span class='ocrx_word' id='word_1_280' title='bbox 634 3935 816 4012; x_wconf 81' lang='lat' dir='ltr'><strong>Halieutica,</strong></span> <span class='ocrx_word' id='word_1_281' title='bbox 849 3937 982 3999; x_wconf 82' lang='lat' dir='ltr'><strong>Ixeutica</strong></span> <span class='ocrx_word' id='word_1_282' title='bbox 1003 3941 1032 4000; x_wconf 70' lang='grc' dir='ltr'><strong>ἃ</strong></span> <span class='ocrx_word' id='word_1_283' title='bbox 1058 3939 1260 4020; x_wconf 77' lang='lat' dir='ltr'><strong>Cynegen&#39;ca3</strong></span> <span class='ocrx_word' id='word_1_284' title='bbox 1292 3945 1346 4008; x_wconf 90' lang='lat' dir='ltr'><strong>sed</strong></span> <span class='ocrx_word' id='word_1_285' title='bbox 1370 3969 1410 4013; x_wconf 87' lang='lat' dir='ltr'><strong>ex</strong></span> 
     </span>
     <span class='ocr_line' id='line_1_35' title="bbox 369 4037 1407 4131; baseline 0.018 -34"><span class='ocrx_word' id='word_1_286' title='bbox 369 4041 498 4118; x_wconf 74' lang='lat' dir='ltr'><strong>quinque</strong></span> <span class='ocrx_word' id='word_1_287' title='bbox 511 4037 594 4100; x_wconf 88' lang='lat' dir='ltr'><strong>libris</strong></span> <span class='ocrx_word' id='word_1_288' title='bbox 607 4038 841 4103; x_wconf 87' lang='lat' dir='ltr'><strong>Halieuticorum</strong></span> <span class='ocrx_word' id='word_1_289' title='bbox 851 4042 928 4103; x_wconf 92' lang='lat' dir='ltr'><strong>duos</strong></span> <span class='ocrx_word' id='word_1_290' title='bbox 940 4053 1056 4104; x_wconf 86' lang='lat' dir='ltr'><strong>tantum</strong></span> <span class='ocrx_word' id='word_1_291' title='bbox 1067 4043 1239 4120; x_wconf 87' lang='lat' dir='ltr'><strong>posteriores</strong></span> <span class='ocrx_word' id='word_1_292' title='bbox 1251 4047 1407 4131; x_wconf 84' lang='lat' dir='ltr'><strong>superesse,</strong></span> 
     </span>
     <span class='ocr_line' id='line_1_36' title="bbox 369 4141 1411 4228; baseline 0.013 -25"><span class='ocrx_word' id='word_1_293' title='bbox 369 4155 503 4220; x_wconf 83' lang='lat' dir='ltr'><strong>quartum</strong></span> <span class='ocrx_word' id='word_1_294' title='bbox 517 4141 673 4217; x_wconf 82' lang='lat' dir='ltr'><strong>videlicet,</strong></span> <span class='ocrx_word' id='word_1_295' title='bbox 696 4146 780 4220; x_wconf 85' lang='lat' dir='ltr'><strong>cujus</strong></span> <span class='ocrx_word' id='word_1_296' title='bbox 799 4145 979 4223; x_wconf 88' lang='lat' dir='ltr'><strong>principium</strong></span> <span class='ocrx_word' id='word_1_297' title='bbox 999 4147 1032 4208; x_wconf 89' lang='lat' dir='ltr'><strong>in</strong></span> <span class='ocrx_word' id='word_1_298' title='bbox 1054 4149 1161 4211; x_wconf 90' lang='lat' dir='ltr'><strong>codice</strong></span> <span class='ocrx_word' id='word_1_299' title='bbox 1177 4150 1233 4212; x_wconf 85' lang='lat' dir='ltr'><strong>est:</strong></span> <span class='ocrx_word' id='word_1_300' title='bbox 1254 4159 1301 4213; x_wconf 74' lang='lat' dir='ltr'><strong>xiil</strong></span> <span class='ocrx_word' id='word_1_301' title='bbox 1315 4159 1411 4228; x_wconf 78' lang='grc' dir='ltr'><strong><em>μίξεως</em></strong></span> 
     </span>
     <span class='ocr_line' id='line_1_37' title="bbox 371 4238 1503 4332; baseline 0.019 -26"><span class='ocrx_word' id='word_1_302' title='bbox 371 4241 396 4306; x_wconf 63' lang='grc' dir='ltr'><strong>δέ</strong></span> <span class='ocrx_word' id='word_1_303' title='bbox 408 4270 471 4315; x_wconf 75' lang='grc' dir='ltr'><strong><em>τινες</em></strong></span> <span class='ocrx_word' id='word_1_304' title='bbox 482 4245 697 4326; x_wconf 66' lang='grc' dir='ltr'><strong>ἷχθῦεςοῖκροὲτως</strong></span> <span class='ocrx_word' id='word_1_305' title='bbox 705 4249 855 4316; x_wconf 67' lang='grc' dir='ltr'><strong>ἔπιθυμέσιν</strong></span> <span class='ocrx_word' id='word_1_306' title='bbox 863 4251 920 4312; x_wconf 69' lang='lat' dir='ltr'><strong>dcc,</strong></span> <span class='ocrx_word' id='word_1_307' title='bbox 931 4251 1051 4328; x_wconf 75' lang='lat' dir='ltr'><strong>quintus</strong></span> <span class='ocrx_word' id='word_1_308' title='bbox 1063 4273 1135 4315; x_wconf 77' lang='lat' dir='ltr'><strong>vero</strong></span> <span class='ocrx_word' id='word_1_309' title='bbox 1143 4254 1302 4332; x_wconf 71' lang='lat' dir='ltr'><strong>incipitzbt</strong></span> <span class='ocrx_word' id='word_1_310' title='bbox 1309 4259 1409 4325; x_wconf 62' lang='lat' dir='ltr'><strong>rosilon</strong></span> <span class='ocrx_word' id='word_1_311' title='bbox 1502 4238 1503 4301; x_wconf 80' lang='lat'>¹</span> 
     </span>
     <span class='ocr_line' id='line_1_38' title="bbox 369 4346 1411 4439; baseline 0.015 -29"><span class='ocrx_word' id='word_1_312' title='bbox 369 4346 466 4417; x_wconf 68' lang='lat' dir='ltr'><strong>licor,</strong></span> <span class='ocrx_word' id='word_1_313' title='bbox 486 4354 599 4415; x_wconf 69' lang='grc' dir='ltr'><strong>βασιλεῦ’</strong></span> <span class='ocrx_word' id='word_1_314' title='bbox 610 4355 719 4422; x_wconf 59' lang='lat' dir='ltr'><strong>testreet,</strong></span> <span class='ocrx_word' id='word_1_315' title='bbox 740 4355 823 4422; x_wconf 74' lang='grc' dir='ltr'><strong><em>ἶςίον,</em></strong></span> <span class='ocrx_word' id='word_1_316' title='bbox 852 4353 887 4424; x_wconf 68' lang='grc' dir='ltr'><strong>οἷς</strong></span> <span class='ocrx_word' id='word_1_317' title='bbox 907 4353 965 4419; x_wconf 66' lang='lat' dir='ltr'><strong>ilii</strong></span> <span class='ocrx_word' id='word_1_318' title='bbox 983 4363 1038 4426; x_wconf 78' lang='grc' dir='ltr'><strong>τοῖς</strong></span> <span class='ocrx_word' id='word_1_319' title='bbox 1051 4356 1186 4435; x_wconf 56' lang='lat' dir='ltr'><strong>disposuere</strong></span> <span class='ocrx_word' id='word_1_320' title='bbox 1208 4361 1333 4439; x_wconf 67' lang='lat' dir='ltr'><strong>deripuisse</strong></span> <span class='ocrx_word' id='word_1_321' title='bbox 1348 4369 1411 4429; x_wconf 54' lang='lat' dir='ltr'><strong>&amp;ca</strong></span> 
     </span>
    </p>
   </div>
   <div class='ocr_carea' id='block_1_13' title="bbox 366 4450 1413 4544">
    <p class='ocr_par' dir='ltr' id='par_1_14' title="bbox 366 4450 1503 4567">
     <span class='ocr_line' id='line_1_39' title="bbox 366 4450 1413 4544; baseline 0.011 -24"><span class='ocrx_word' id='word_1_322' title='bbox 366 4450 567 4533; x_wconf 62' lang='lat' dir='ltr'><strong>latentium</strong></span> <span class='ocrx_word' id='word_1_323' title='bbox 583 4455 712 4541; x_wconf 69' lang='lat' dir='ltr'><strong>darique</strong></span> <span class='ocrx_word' id='word_1_324' title='bbox 728 4456 910 4541; x_wconf 61' lang='lat' dir='ltr'><strong>tenuate</strong></span> <span class='ocrx_word' id='word_1_325' title='bbox 922 4473 986 4528; x_wconf 80' lang='lat' dir='ltr'><strong>tam</strong></span> <span class='ocrx_word' id='word_1_326' title='bbox 1003 4462 1193 4544; x_wconf 71' lang='lat' dir='ltr'><strong>inpriudpio</strong></span> <span class='ocrx_word' id='word_1_327' title='bbox 1206 4470 1413 4542; x_wconf 79' lang='lat' dir='ltr'><strong>quaminfine</strong></span> 
     </span>
    </p>
   </div>
   <div class='ocr_carea' id='block_1_14' title="bbox 0 0 1600 5434">
    <p class='ocr_par' dir='ltr' id='par_1_15' title="bbox 0 0 1600 5434">
     <span class='ocr_line' id='line_1_40' title="bbox 0 0 1600 5434; baseline 0 0"><span class='ocrx_word' id='word_1_328' title='bbox 0 0 1600 5434; x_wconf 95' lang='lat' dir='ltr'><strong> </strong></span> 
     </span>
    </p>
   </div>
  </div>
 </body>
</html>
