3175 5434
290 496 1003 580 naarecsiaronabrw.
1092 495 1171 591 'ari

131 648 294 739 viamque
311 640 499 732 monstrat,
524 641 620 715 unde
643 642 715 715 dux
731 646 944 716 nominatur.
971 643 1085 720 beluis
1102 669 1173 718 mas

127 751 215 820 riuis
231 747 318 817 adeo
341 762 458 840 gratus
483 746 664 816 &amicus
686 744 754 826 est,
789 763 830 816 ut
854 747 972 838 quoia
993 748 1097 836 velit,
1124 744 1172 817 sc-

129 866 301 939 quantur,
327 849 364 916 in
381 867 494 937 eoque
508 841 784 937 vitaesalutisque
806 843 897 936 spem
920 869 1058 916 omnem
1074 844 1172 918 fitam

128 945 290 1018 habeant.
313 947 383 1017 Hic
401 963 496 1038 parte
523 944 638 1015 caudae
656 962 809 1016 extrema
822 946 932 1016 oculis
952 946 1088 1017 admota
1105 943 1175 1018 fin.

130 1049 209 1142 gula
231 1048 299 1118 illis
323 1044 494 1125 ostendit,
528 1040 599 1114 live
619 1044 733 1135 praeda
756 1043 878 1136 praesto
903 1041 964 1125 fit,
999 1041 1069 1118 five
1091 1049 1170 1118 alic-

128 1147 223 1220 unde
244 1147 435 1238 pcriculum
452 1143 577 1223 instet,
604 1140 673 1214 save
689 1147 884 1238 propinqua
900 1145 986 1216 vada
1006 1145 1170 1218 &brevia

130 1247 274 1320 vitanda
292 1243 359 1326 sint
378 1272 388 1315 t
419 1243 515 1316 hunc
538 1244 697 1316 lubentes
714 1246 827 1316 veluti
853 1263 1028 1316 temonem
1047 1248 1168 1330 navis,

130 1364 191 1420 aut
207 1345 319 1418 filium
338 1346 522 1418 ducentem
534 1367 655 1435 patens
672 1343 782 1441 oculis
794 1341 946 1426 debitia,
962 1341 1167 1437 sequuntur,

133 1469 194 1540 per
211 1445 308 1518 hunc
324 1445 494 1526 audiunt,
522 1447 556 1516 ἃ
571 1443 713 1526 vident,
741 1467 855 1538 neque
868 1459 1047 1538 tantopere
1066 1445 1172 1532 vastis

136 1549 221 1626 cetis
233 1550 326 1618 vires
347 1542 507 1638 prosunt,
533 1566 638 1637 quam
655 1541 775 1616 astutia
791 1547 890 1638 parvi
908 1541 1079 1638 pisciculi,
1109 1548 1175 1640 qui

134 1649 269 1740 generic
293 1641 535 1740 sanguinisque
557 1646 789 1736 cognatione,
822 1667 867 1717 an
884 1646 1033 1718 amicitia
1059 1645 1172 1720 addu-

133 1751 204 1819 ctus
222 1771 261 1818 ea
272 1754 478 1826 comitetur,
501 1745 673 1816 incertum
691 1743 748 1816 est.
783 1744 1021 1836 Quamobrem
1035 1745 1170 1822 astutus

133 1844 278 1940 piscator
292 1847 443 1938 primum
456 1842 607 1918 escarum
625 1843 787 1917 illecebra
808 1849 842 1919 δι
859 1843 963 1916 hamo
978 1847 1101 1919 ducem
1115 1870 1171 1919 ca-

133 1949 208 2041 pit3
234 1969 307 2040 quo
329 1943 419 2017 facio
444 1945 543 2016 nullo
570 1942 688 2016 labore
712 1945 863 2018 monstra
892 1946 1168 2038 comprehendit.

134 2048 355 2139 nequeenim
372 2045 459 2126 duce
470 2042 554 2114 orba
571 2045 717 2135 amplius
734 2047 838 2118 maria
853 2046 928 2117 vias
949 2044 1083 2130 vident,
1095 2071 1171 2120 non
1251 2071 1253 2076 ·

134 2150 370 2240 propinquum
388 2145 579 2236 periculum
594 2140 767 2228 sennunt,
801 2141 859 2216 sed
876 2161 1040 2240 tanquam
1061 2171 1170 2220 navcc

136 2247 365 2340 gubernatore
383 2248 525 2337 privatae
534 2262 662 2316 temere
680 2261 868 2339 vagantur,
886 2248 1002 2339 ignara
1016 2251 1175 2340 quonam}

136 2347 296 2419 fluetibus
317 2342 526 2416 deserantur.
551 2342 731 2416 Interdum
754 2346 859 2416 etiam
880 2369 949 2436 prae
966 2349 1072 2420 nimia
1088 2371 1171 2420 ocu-

137 2448 247 2519 lorum
269 2447 415 2540 caligine
432 2452 448 2533 (
454 2450 625 2538 praegravi
637 2443 891 2538 superciliorum
904 2446 1052 2539 pondere
1071 2447 1172 2519 obru-

138 2564 265 2627 tornm,
295 2564 334 2617 ut
354 2551 405 2616 ait
417 2545 569 2625 Plinius,
596 2544 731 2638 oelprae
751 2551 853 2642 nimia
871 2551 1019 2616 carnium
1030 2553 1172 2642 pingue-

139 2645 213 2718 dine
229 2643 277 2733 Θ
289 2645 394 2727 mole,
415 2662 456 2714 ut
478 2641 628 2714 AElianus
643 2669 685 2714 esc
699 2641 731 2716 Ιι.
754 2643 776 2715 l.
816 2649 930 2717 omnes
947 2651 1031 2716 enim
1050 2651 1171 2717 setacei

133 2747 232 2840 pisces
250 2745 359 2818 oculos
375 2763 440 2838 pro
458 2743 587 2835 reliqua
608 2744 750 2837 corporis
770 2742 852 2814 mole
875 2749 1009 2836 exiguos
1023 2740 1169 2828 hubent,

131 2845 299 2940 palpebris
320 2846 438 2930 tetros,
465 2868 544 2935 quas
564 2848 600 2912 in
620 2839 681 2913 hoc
690 2865 811 2936 genere
830 2843 1010 2937 agnoscunt
1028 2845 1176 2921 Trsou·

138 2949 379 3033 sellarum.)
405 2943 448 3013 ad
461 2941 618 3034 scopulos
641 2945 675 3013 &
693 2945 796 3014 litora
814 2939 952 3035 expulsa
967 2937 1162 3024 offendunt.

136 3044 226 3116 Tum
247 3044 383 3116 robusti
402 3041 584 3135 piscatores
608 3066 651 3113 ex
667 3041 779 3116 beluis
799 3045 949 3136 aliquam
967 3042 1099 3116 inlidiis
1118 3063 1169 3136 at-

137 3159 266 3217 tentare
292 3144 512 3222 delibcrant,
547 3139 603 3213 sed
633 3142 745 3235 primo
773 3142 867 3215 illius
893 3145 1188 3237 magnitudinem'

137 3241 339 3336 pondusque
352 3243 559 3336 conjecturis
575 3238 807 3336 assequuntur.
834 3245 927 3317 Nam
941 3243 964 3314 fi
981 3246 1075 3318 illius
1094 3269 1171 3317 ver-

137 3360 195 3416 tex
213 3343 353 3438 &spina
371 3341 459 3415 dorfi
472 3361 567 3415 extra
584 3365 707 3434 aquam
725 3343 904 3436 paululum
924 3348 1075 3430 eminet,
1095 3371 1171 3418 non

141 3441 279 3517 obscura
302 3441 504 3538 fignificatio
523 3440 588 3523 est,
613 3443 750 3518 beluam
762 3446 938 3538 ingentem
958 3443 1020 3516 else
1032 3473 1043 3516 ¹:
1072 3446 1180 3541 quod¹

85 3628 87 3637 y
140 3540 316 3618 lidorsum
335 3546 421 3615 bene
443 3543 594 3615 emineat
611 3562 707 3615 extra
733 3541 899 3615 summam
925 3569 1070 3636 aquam,
1094 3563 1170 3617 non
1286 3598 1289 3612 .

139 3657 230 3716 tanta
248 3644 315 3716 est:
349 3668 430 3715 nam
443 3648 615 3723 minores,
638 3647 719 3736 quia
735 3644 883 3715 leviores
905 3639 1009 3724 sunt,
1037 3645 1168 3717 idcirco
1217 3731 1221 3742 ι

139 3744 239 3816 altius
254 3747 421 3821 eminent.
457 3739 640 3816 Piscatores
657 3745 782 3814 lineam
802 3767 844 3812 ex
858 3740 1183 3836 frequentinum-1

140 3845 264 3917 niculis
280 3862 474 3916 contortam
488 3841 638 3923 faciunt,
662 3841 879 3914 crassitudine
899 3845 1054 3917 rudentis
1070 3851 1170 3918 navic

139 3946 343 4032 mediocris,
366 3943 604 4040 longitqdinc,
625 3966 701 4036 quae
716 3939 1052 4021 sufficerevideatur.
1078 3949 1172 4018 Huic

139 4042 273 4116 addunt
288 4047 451 4116 ‘catenam
472 4041 636 4124 ferream,
668 4053 772 4134 quam
795 4042 900 4116 hamo
924 4042 1099 4127 inserunt,
1126 4068 1183 4118 ne·

142 4141 302 4216 derrtibuc
322 4144 432 4217 beluac
451 4145 628 4216 laceretur.
667 4145 827 4216 Humum
837 4168 1001 4237 magnum
1025 4147 1186 4216 alterna·

142 4267 206 4336 que
224 4242 403 4333 cuspidu‘m
412 4243 499 4316 serie
510 4247 676 4334 utrinque
690 4263 881 4342 armatum,
897 4243 1047 4322 faciunt,
1062 4265 1171 4336 quan-

142 4358 196 4416 ωε
207 4343 369 4418 saucibus
383 4345 493 4417 beluac
503 4342 749 4434 comprehendi
762 4345 941 4415 commode
954 4342 1072 4434 polit,
1083 4341 1170 4415 adeo
1219 4407 1225 4414 .

143 4445 317 4530 vebdum,
345 4465 445 4527 utne
463 4445 544 4520 saxo
563 4443 706 4540 quidem
725 4445 833 4518 cedat.
866 4443 910 4518 In
924 4443 1036 4518 media
1053 4460 1179 4520 catena'
