3175 5434
337 579 411 643 DE
449 578 812 648 VEMTIONE
850 581 962 645 ulle.
1003 585 1063 648 11·
1123 587 1205 663 223
1290 661 1297 670 „

160 709 299 786 Omnes
324 727 442 782 autem
465 726 622 780 natantes
636 761 650 792 ,.
680 732 742 802 per
771 711 867 781 vicea
893 709 1020 799 duces,
1056 713 1207 806 pedibus

160 811 308 906 quidem·
334 829 502 902 tanquam
525 813 630 882 remis
652 826 800 881 verrunt
825 827 935 880 atram
959 836 1113 906 aquam,
1151 835 1207 888 at.

151 937 233 1004 ¹que
247 913 314 1006 alte
330 910 497 982 attollunt
513 932 686 982 cornuum
696 909 874 1003 egregium
889 909 1016 995 decue,
1036 931 1205 1006 tanquam

157 1013 240 1133 vela
260 1013 364 1082 navio
377 1013 615 1109 permittentes
633 1012 761 1082 ventis.

208 1235 291 1308 233.
321 1223 399 1309 Jam
414 1244 499 1293 uero
513 1221 716 1293 inimicitias
728 1215 867 1291 interse
885 1221 1045 1295 exitiale»
1065 1219 1201 1318 semper

155 1331 319 1392 exercent
338 1345 441 1392 omne
460 1324 627 1415 anguium
649 1322 883 1391 &cervorum
906 1345 1044 1413 genus:
1078 1323 1200 1416 pasfim

152 1439 271 1492 autem
296 1421 479 1514 investigat
500 1423 630 1492 montis
652 1420 691 1488 in
710 1418 855 1490 callibus
879 1444 1003 1496 cervus
1026 1423 1195 1498 audacem

148 1518 365 1610 serpentem:
384 1544 509 1592 veru-m
521 1521 585 1594 ubi
598 1519 689 1591 vidit
705 1514 804 1609 spiris
821 1520 987 1610 plicatum
1003 1524 1118 1617 longis
1131 1550 1196 1599 ve-

147 1618 289 1712 stigium
308 1617 500 1712 serpentis,
535 1619 636 1692 valde
658 1619 756 1690 laetus
780 1619 913 1692 accedit
934 1645 1042 1715 prope
1066 1625 1200 1723 latibug

145 1719 223 1809 lum
232 1772 245 1802 „
260 1723 293 1791 &
307 1721 397 1790 lares
406 1722 570 1792 admovet
583 1717 749 1800 latibulo,
774 1713 899 1812 spiritu
915 1715 1072 1796 violento
1086 1743 1194 1799 atera.
1274 1797 1283 1824 Ι
1311 1764 1314 1775 =

146 1817 236 1890 heus
255 1818 299 1889 ad
315 1844 467 1912 pugnam
482 1817 672 1913 serpentem
690 1817 943 1911 perniciosum:
971 1847 1052 1894 eum
1073 1829 1192 1910 autem
1279 1872 1285 1887 ι

145 1921 327 1992 nolentem
347 1943 502 2012 pugnare
528 1919 657 1992 halitus
682 1920 861 1991 violentus
886 1922 1018 2006 intimo
1041 1934 1200 2004 extraxit·

148 2019 268 2092 cubili.
297 2019 477 2092 Continuo
494 2024 588 2092 enim
605 2020 695 2093 vidit
710 2017 862 2102 hostem,
886 2022 918 2092 ἃ
938 2023 978 2094 in
991 2033 1105 2099 aerem
1120 2034 1193 2105 alte

143 2121 242 2191 tollit
261 2137 384 2191 tetram
407 2124 599 2194 cervicem:
630 2118 794 2192 candidos
814 2137 931 2192 autem
950 2125 1090 2216 expedit
1105 2130 1193 2205 den.

83 2288 84 2292 ,
144 2237 197 2291 tes
220 2223 331 2291 acutia
352 2221 581 2302 mucronibus
604 2219 811 2300 horrentes,
835 2221 1094 2318 comploditque
1114 2256 1191 2303 ma.

145 2319 195 2390 las
221 2319 353 2391 acerbis
374 2317 505 2407 spirans
524 2320 633 2394 fihilis
651 2336 822 2392 venenata
844 2319 961 2398 bestia.
1002 2325 1190 2424 Extemplo

142 2437 262 2491 autem
287 2417 425 2492 rursum
450 2446 595 2506 corvus,
622 2421 784 2494 irridenti
808 2415 949 2502 similis,
983 2421 1109 2500 lacerat
1125 2455 1190 2504 010

139 2516 269 2592 fntstra
285 2539 526 2614 pugnantem,
553 2543 657 2616 atque
668 2547 748 2595 eum
763 2520 967 2593 involutum
980 2527 1128 2622 genibus
1153 2534 1190 2604 &

142 2621 277 2691 circum
300 2625 469 2692 cervicem
487 2620 596 2716 usque
616 2623 772 2693 mandit:
808 2617 910 2691 humi
931 2639 1046 2695 autem
1065 2629 1189 2704 multae

88 2757 114 2784 .-
141 2720 260 2812 jacent
280 2717 397 2814 sparsae
418 2723 575 2816 reliquiae
597 2726 766 2794 micantes
787 2722 820 2791 δι
841 2722 1047 2812 palpitantes
1070 2731 1196 2812 caedes

139 2840 182 2892 ut
203 2819 303 2895 facile
318 2839 351 2892 te
372 2823 446 2912 ejus
466 2821 617 2894 misereri
637 2821 761 2914 pollet,
795 2817 927 2892 tametfi
945 2824 1091 2900 immitis
1112 2833 1186 2902 val.

139 2920 184 2992 tle
197 2919 259 3003 fit,
280 2920 485 3007 crodmari,
513 2922 646 3015 disjecti
665 2929 697 2996 a
714 2923 852 2994 lacerati
868 2921 1033 3017 caedibue

82 3131 84 3206 Ῐ
185 3150 275 3226 253.
300 3133 417 3226 Equos
434 3151 550 3206 autem
564 3131 729 3226 pascentis
752 3134 872 3226 Lib-yae
885 3135 924 3204 in
941 3133 1075 3210 finibus-
1088 3102 1183 3214 mul.

134 3249 193 3304 tus
233 3253 381 3327 vagatur
418 3235 625 3307 irmumeruc
660 3231 825 3333 exitiosus
849 3237 1021 3309 exercitur
1061 3246 1184 3317 variue

83 3341 85 3370 l
132 3333 314 3425 anguium.
355 3334 490 3407 Verum
510 3361 592 3406 cum
609 3336 798 3428 prostratus
824 3360 948 3425 cervus
966 3339 1115 3413 arenosi-s
1138 3346 1200 3417 in‘

82 3470 85 3483 ν
129 3434 226 3526 jugis
236 3431 328 3507 solus
341 3431 460 3518 fuerit,
473 3460 553 3507 eum
565 3436 676 3510 statim
690 3436 834 3508 invadit·
844 3437 1003 3528 undique
1013 3431 1179 3515 infestum

132 3557 280 3606 examen
304 3532 528 3607 infinitorum
550 3539 741 3629 anguium,
772 3535 961 3630 invisaque
988 3538 1178 3635 phalanges

129 3651 333 3709 venenatas
363 3640 436 3708 cuti
454 3653 724 3733 autempamares
742 3635 897 3728 infigunt
914 3639 1055 3721 dentes,
1081 3660 1181 3714 artu..
1203 3722 1230 3738 Ι,
1341 3702 1346 3707 ,

128 3732 197 3806 bus
221 3735 385 3806 omnibus
405 3741 501 3810 cervi
524 3731 679 3828 uallique
698 3732 920 3807 circumfusi:
948 3739 1019 3810 ani
1045 3746 1178 3835 quippe

129 3829 284 3926 superne·
308 3835 475 3916 converso
505 3840 635 3928 capite,
674 3837 753 3908 cilia
776 3833 978 3939 &frontem
995 3839 1179 3918 lancinant

126 3937 249 4006 melis:
275 3935 335 4007 alii
355 3955 470 4008 autem
488 3940 613 4028 gracile
630 3937 759 4008 collum
775 3939 808 4008 &
824 3941 942 4027 peetus
959 3939 1114 4027 inferne,
1138 3948 1174 4018 tlt

125 4036 237 4108 ilia&
258 4054 420 4108 ventrem
438 4062 499 4108 ore
517 4038 668 4108 laniant:
702 4037 761 4108 alii
779 4035 896 4110 rurfirs
917 4043 1090 4133 utrinque
1106 4048 1175 4116 eir-

130 4159 214 4208 cum
232 4138 338 4236 larcrp
354 4135 507 4208 haerent:
542 4135 674 4209 femora
694 4134 812 4209 rursus
827 4141 885 4208 alii
908 4142 942 4210 &
959 4157 1095 4233 tergum
1115 4141 1173 4214 fu-
1281 4175 1284 4181 ’
1392 4150 1398 4158 ’

124 4261 233 4327 perne
254 4231 502 4327 depascuntur:
520 4237 608 4309 alius
622 4259 706 4309 vero
725 4237 791 4306 alia
810 4263 853 4308 ex
871 4257 966 4329 parte
982 4237 1102 4312 infeste
1118 4247 1175 4313 in-

124 4333 217 4422 fixus
236 4335 381 4430 perideo,
419 4339 552 4410 Verum
568 4337 626 4408 ille
648 4339 746 4406 omni
763 4358 887 4429 genere
907 4338 1088 4410 abundans
1108 4342 1174 4414 do·

125 4438 262 4518 lorum,
292 4439 448 4529 primum.
462 4437 602 4531 quidem
622 4432 777 4527 effugere
788 4439 959 4518 aitnititur
970 4442 1175 4530 pernicibus

83 4537 84 4542 ’
123 4537 297 4632 podibus,
327 4533 490 4624 sericeum
508 4540 604 4611 vireo
618 4536 806 4612 deficiunt..
832 4533 1037 4630 hujusmodi
1051 4539 1202 4637 ipsum
1268 4630 1269 4633 ,
1312 4574 1315 4578 ’
