3175 5434
403 497 490 588 242
747 493 1099 561 orrrrur

399 630 446 704 lis
466 626 512 700 ud
537 622 758 722 spectandum
786 621 1005 698 inferarum
1042 649 1165 719 magne
1204 625 1445 707 multitudine.

395 735 686 807 Tantumuutem
711 722 916 802 interseras
944 725 1082 796 excellit
1113 726 1239 818 tigris,
1274 746 1447 819 quantum

399 835 492 904 inter
506 840 620 900 aereas
638 851 727 919 pavo
747 823 891 918 pulcher
910 824 1083 896 volucres.
1124 843 1199 918 tuta
1212 848 1355 918 apparet
1371 848 1446 902 tun.

404 953 510 1022 quam
528 925 717 999 monticola
730 925 849 1007 leaena,
863 943 987 1017 praeter
999 921 1105 995 solam
1115 927 1249 1018 pellem,
1268 935 1444 1018 quavaria

399 1027 600 1104 circundata
610 1025 685 1114 est,
712 1029 807 1097 varie
827 1019 1118 1118 purpurescente,
1155 1029 1188 1098 &
1212 1026 1363 1098 floribus
1383 1035 1445 1102 mi-

403 1147 515 1201 cante..
540 1128 663 1200 Talem
681 1125 824 1218 quidem
847 1124 1046 1196 flammeum
1063 1121 1125 1196 sub
1150 1127 1238 1200 ciliis
1263 1128 1361 1198 oculi
1380 1127 1444 1202 ful.
1508 1133 1510 1138 ’

398 1251 519 1324 gorem
543 1225 764 1320 jaculantun
822 1221 1013 1318 corpusque
1050 1227 1118 1296 tale
1152 1223 1227 1307 est,
1265 1227 1441 1312 validum,

398 1331 578 1420 opimume
613 1328 691 1400 talis
713 1327 817 1420 longa
843 1324 972 1406 cauda3
999 1324 1078 1396 talis
1106 1325 1197 1397 circu
1219 1349 1279 1397 ora
1301 1330 1440 1411 vultum

397 1429 465 1501 tule
480 1423 579 1520 supra
589 1427 766 1520 prominet
773 1423 1017 1518 superciiinme
1034 1426 1118 1496 tales
1128 1423 1294 1498 frendent
1306 1426 1438 1506 dentes.

398 1527 447 1602 est
464 1547 582 1600 autem
600 1523 829 1620 perniciffima
855 1528 948 1598 inter
968 1527 1104 1597 veloces
1118 1523 1216 1598 fetat.
1253 1522 1329 1621 Ipsa
1350 1533 1443 1600 enim

398 1623 502 1702 cursu
527 1624 645 1700 similis
665 1625 713 1700 est
737 1625 897 1698 Favonio
914 1628 1076 1718 parenti,
1108 1649 1222 1719 neque
1242 1645 1363 1699 tamen
1384 1653 1442 1722 pa-

397 1731 513 1808 renti,
537 1731 615 1820 quis
627 1729 721 1799 enim
736 1723 948 1807 crediderit,
972 1721 1060 1796 feras
1085 1729 1266 1818 comprimi
1286 1727 1329 1797 ab
1341 1739 1441 1802 aereo
1482 1751 1485 1757 ’

398 1825 557 1922 sponso?
595 1826 644 1900 est
670 1829 765 1898 eninr
790 1825 850 1897 iliu
871 1849 961 1898 vana
977 1820 1094 1906 fama,
1131 1843 1247 1897 totum
1273 1825 1366 1900 istud
1388 1853 1443 1922 ge-

397 1951 466 2002 nus
490 1924 695 2000 foemineum
719 1921 805 2006 effe,
849 1927 882 1998 dc
912 1949 1031 2018 expete
1076 1925 1294 2010 concubitus
1325 1934 1440 2000 marie.

396 2025 585 2102 Interdum
625 2031 720 2102 eninr
768 2021 891 2096 uidene
928 2023 1092 2097 floridum
1136 2022 1328 2098 formosum
1356 2032 1443 2100 ‘mn

397 2151 488 2202 rem.
518 2151 593 2198 non
622 2144 740 2198 tamen
772 2121 874 2199 facile
911 2149 994 2199 eum
1028 2128 1186 2217 ceperis,
1218 2129 1348 2220 quippe
1382 2131 1443 2222 qui

398 2228 521 2300 relicta
538 2223 597 2299 sua
615 2223 733 2298 sobole
751 2223 871 2316 rapide
887 2222 996 2320 fugit,
1022 2244 1205 2297 venatores
1225 2225 1439 2300 ubivideric

397 2329 446 2402 At
466 2344 575 2400 mater
596 2324 756 2420 sequitur
773 2324 924 2408 catulos,
952 2326 1197 2419 exanimeque
1218 2326 1358 2408 moesta,
1383 2353 1442 2401 vo.

398 2427 516 2522 luptas.
533 2423 912 2524 magnanimorum,
929 2425 975 2498 ad
989 2421 1093 2498 caises
1107 2428 1192 2500 ilice
1209 2429 1324 2499 venit.

452 2654 537 2734 364.
563 2642 657 2734 Aper
688 2656 808 2712 eutem
832 2638 981 2711 martius
1006 2636 1158 2710 multum
1189 2638 1324 2731 prtestat
1349 2618 1444 2716 inter

397 2739 498 2816 ferae.
523 2741 651 2814 cubilia
666 2738 808 2833 quidem
825 2755 917 2811 amat
940 2737 1073 2814 ultimis
1091 2741 1129 2810 in
1151 2737 1335 2814 recessibus
1355 2767 1440 2834 ptae.

397 2846 618 2936 cipitiorum,
647 2843 679 2913 ἃ
706 2837 854 2916 mirifice
879 2836 959 2910 odit·
980 2837 1163 2930 strepitum
1184 2840 1441 2916 tumultuosum

395 2941 563 3018 feramm..
587 2943 782 3013 Foemiuam
800 2955 917 3012 autem
943 2934 1017 3010 fine
1039 2935 1113 3011 fine
1133 2959 1299 3030 apperens.
1325 2963 1436 3034 errat,

397 3047 431 3116 dc
448 3065 569 3113 amore
583 3040 686 3112 valde
706 3060 828 3111 vecors
853 3035 992 3109 ferocit.
1024 3039 1064 3108 in
1091 3043 1229 3110 cervice
1247 3057 1367 3112 autem
1391 3047 1439 3114 ri.

395 3140 640 3236 gidaehotrent
652 3136 751 3221 sctae,
777 3135 1040 3210 irrstarcristatae
1050 3139 1166 3231 galeae,
1186 3143 1218 3212 ἃ
1235 3137 1439 3231 spumamin

395 3261 525 3315 tetram
545 3239 718 3328 destillet,
739 3239 968 3332 dentiumque
978 3237 1162 3311 claustrum
1171 3236 1307 3332 pulsans
1324 3244 1439 3320 candi.

397 3337 1449 3436 dumunhelitufervidodirainnuptiismuitomajorquam,

394 3440 616 3513 uerecundia.
645 3439 801 3511 Foeminu
823 3456 942 3512 autem
970 3435 1140 3531 fiquidem
1165 3437 1198 3510 se
1231 3438 1440 3516 submittent
1505 3528 1506 3532 Ἰ

394 3558 555 3624 manem,
577 3541 752 3632 extinguit
764 3563 905 3612 omnem
921 3542 1031 3620 iram,
1057 3541 1090 3609 &
1108 3539 1314 3631 placatferae
1331 3547 1438 3637 impe·

399 3660 477 3714 cum
489 3671 505 3724 ς,
539 3639 636 3734 quod
657 3636 873 3732 fiaspernata
886 3638 998 3733 fugiat
1013 3663 1204 3712 venereum
1220 3643 1355 3726 cubile,
1380 3669 1440 3716 ex.

396 3745 532 3835 templu
544 3743 700 3834 percitus
719 3737 860 3812 fervido
879 3744 914 3814 ἃ
936 3743 1043 3832 igneo.
1059 3739 1221 3822 stimulo,
1241 3761 1303 3814 aut
1315 3748 1355 3817 vi
1373 3770 1439 3818 nu·

393 3845 481 3937 ptius
499 3843 652 3934 peragit,
680 3843 816 3932 impetu
831 3842 993 3913 violento»
1011 3837 1148 3913 subadu
1164 3838 1310 3914 foemina
1330 3896 1341 3926 ,
1376 3862 1438 3917 aue

394 3942 646 4018 moribturdam
656 3937 760 4014 humi
768 3939 891 4033 abjicit
901 3939 1070 4013 dentibus
1083 3942 1214 4012 exertis
1225 3945 1381 4019 irruens.

449 4176 533 4249 379..
555 4154 742 4226 Esteutem
756 4151 873 4235 simu,
892 4155 933 4224 in
947 4153 1022 4243 apri
1039 4151 1124 4224 albu
1141 4149 1249 4240 dente:
1261 4158 1434 4229 occultam

394 4255 490 4327 intus
511 4250 574 4325 effe
586 4255 732 4348 'igneam
752 4258 851 4343 vim,
886 4253 989 4342 cujus.
1010 4269 1256 4347 argumentum
1276 4251 1437 4327 homini-

392 4353 459 4426 bus
490 4353 709 4447 perspicuum
731 4354 804 4429 hoc·
822 4355 881 4430 est.
914 4353 1006 4424 Cum
1038 4352 1135 4425 enim
1167 4377 1291 4446 magna
1328 4357 1435 4428 turba

395 4451 553 4529 conferre
585 4474 798 4532 venatorum
826 4478 911 4533 cum
934 4453 1082 4529 mnibus
1106 4452 1299 4551 audacibuc
1329 4455 1434 4532 humi
1501 4542 1502 4545 Ἴ
