3175 5434
298 549 371 613 DE
407 547 769 614 vanarlona
810 547 919 612 LIB·
950 550 1019 611 IV·
1092 551 1172 628 ΖΠ

105 674 111 701 ³
140 695 254 750 autem
272 675 467 769 aflagrante
482 673 552 746 sole
570 673 754 767 perculsaS,
777 673 876 747 simul
899 673 968 746 fitis
993 679 1026 750 dc
1050 679 1178 770 jucun}

141 778 203 849 dns
221 776 447 864 allicitodor.
476 777 587 867 Igitur
603 775 645 845 ad
662 772 793 846 fontem
813 776 980 848 accedunt
995 777 1175 860 vinosum,

142 879 174 950 dt
193 879 329 969 magnis
344 874 521 946 haustibus
539 874 697 944 lambunt
710 877 850 966 nigrum
867 878 1009 957 trinum,
1032 895 1177 970 tumque

139 979 180 1047 'in'
195 972 228 1046 se
250 996 484 1046 mutoomnes
505 976 689 1044 incurrunt
706 977 876 1064 primum,
904 973 1179 1064 tripudiantibus

139 1073 285 1155 smiles,
313 1073 437 1144 deinde
465 1097 609 1163 corpore
630 1071 923 1166 ingravescentcs‚
951 1076 1119 1164 capitibus
1135 1074 1179 1146 'in

144 1194 267 1246 terram
279 1173 413 1245 vallam
440 1169 708 1243 senfim'nutant
741 1169 917 1250 deorsum,
952 1172 1077 1246 deinde
1103 1193 1180 1246 tan·

139 1273 221 1344 'dem
244 1297 362 1344 omnes
381 1269 483 1362 sopor
512 1273 688 1343 violentus
710 1268 810 1342 humi
836 1269 952 1363 passim
977 1274 1174 1364 prosternit.

143 1373 197 1446 Ut·
210 1392 322 1443 autem
338 1396 416 1444 cum
433 1375 472 1442 in
490 1371 616 1444 celebri
637 1373 803 1442 convivio
830 1369 1028 1442 haurientes
1052 1376 1177 1446 vinum

144 1495 188 1542 ex
205 1474 344 1542 crateris
359 1472 505 1564 aequales
530 1470 642 1542 adhuc
664 1473 783 1562 pueri,
806 1467 920 1541 adhuc
939 1471 1109 1562 pubentes
1131 1474 1178 1544 la-

143 1575 272 1663 augiae
286 1575 416 1663 prima,
442 1569 593 1643 suaviter
611 1586 741 1641 canunt
758 1571 947 1642 invitantes
969 1567 1002 1642 se
1021 1573 1176 1646 invicem

143 1671 217 1762 post
240 1671 356 1762 epulas
385 1674 550 1762 utrinque
569 1672 700 1742 mutuis
726 1670 885 1762 poculis:
927 1669 1066 1742 tandem
1088 1696 1173 1746 vero

142 1773 253 1841 virlos
288 1795 348 1841 eos
383 1771 567 1861 prosternit
604 1768 711 1840 alium
740 1765 841 1860 super
875 1770 990 1840 alium
1016 1792 1176 1867 pietatem

150 1871 313 1941 &oculos
328 1893 515 1964 aggravans
534 1873 588 1939 vis
608 1871 703 1939 vini:
731 1865 775 1938 sae
792 1869 859 1938 illae
877 1866 1014 1960 prorsus
1031 1869 1110 1963 serae
1122 1869 1177 1944 su·

149 1991 206 2059 pra
218 1967 249 2040 se
265 1971 417 2040 invicem
437 1965 518 2042 lusae
538 1965 665 2062 absque
684 1966 801 2040 labore
817 1991 942 2062 magno
962 1993 981 2044 a
1001 1975 1176 2044 venatori·
1245 1989 1248 2001 '

149 2065 210 2138 bus
227 2065 443 2163 subiguntur.

196 2294 278 2371 354.
303 2277 348 2350 In
362 2276 458 2350 ursos
478 2278 672 2350 moliuntur
687 2274 857 2370 insignem
869 2273 1103 2350 admirandam
1116 2305 1175 2353 ve-

98 2445 105 2458 x
149 2380 322 2449 nationem
346 2379 388 2448 ad
411 2380 537 2473 Tigrin
566 2381 628 2470 qui
651 2380 833 2458 incolunt,
874 2379 1072 2450 Armeniam
1089 2401 1172 2453 arcu

149 2477 319 2567 inclytam.
347 2480 473 2572 Magna
488 2476 675 2550 multitudo
685 2474 951 2569 proficiscuntur
962 2479 998 2546 in
1009 2479 1096 2550 altos
1117 2475 1172 2550 fil·

148 2597 262 2648 vnum
279 2575 442 2660 recessus,
465 2573 605 2649 solertes
623 2578 818 2649 numellatis
833 2600 912 2646 cum
927 2572 1101 2670 sagacibus
1116 2602 1172 2651 ca.

149 2675 266 2761 nibus,
292 2677 435 2770 vestigia
452 2681 669 2771 inquirentes
686 2675 850 2748 saevarum
868 2675 1061 2748 errabunda
1084 2673 1172 2749 sera-

149 2797 232 2853 rum.
278 2779 413 2852 Verum
438 2777 500 2849 ubi
522 2777 806 2851 viderunt'canes
837 2771 1095 2867 fignapedunn
1122 2773 1172 2848 se'·
1283 2830 1287 2834 -

151 2895 317 2967 quuntur,
340 2875 587 2970 venatoresque
603 2871 808 2969 vestigantes
828 2874 964 2947 ducunt
978 2871 1094 2956 simul,
1111 2871 1172 2947 na*-

149 2976 238 3048 1ibus
260 2979 375 3070 longis
397 2975 470 3048 solo
491 2976 849 3068 propeinhaerentes5
890 2969 921 3068 fi.
938 2991 1055 3046 autem
1075 2977 1172 3068 quod

150 3080 314 3148 recentius
333 3076 485 3149 viderint
502 3077 705 3170 vestigium,
739 3095 833 3148 retro
851 3093 1073 3167 properantes
1088 3078 1172 3146 emi-

151 3194 222 3245 cant
240 3178 321 3248 ilico
340 3175 539 3269 gestientes,
564 3179 663 3248 obliti
681 3180 827 3268 prioris:
862 3174 923 3246 ubi
939 3193 1053 3246 autem
1071 3176 1113 3245 ad
1131 3173 1172 3247 fi·

90 3362 92 3373 Ι
150 3297 221 3344 nem
244 3295 477 3368 pervenerunt
504 3273 670 3367 prosperae
695 3276 944 3368 vestigationis,
980 3275 1070 3346 &ad
1089 3271 1170 3348 serae

150 3369 245 3445 solers
274 3377 416 3457 cubile,
449 3375 560 3446 statim
580 3376 637 3446 ille
665 3373 795 3467 prosilit
819 3397 838 3444 e
865 3398 970 3446 manu
994 3379 1170 3448 venatoris

151 3472 380 3546 miserabiliter
407 3475 551 3556 latrans,
579 3479 611 3547 &
630 3475 728 3546 valde
744 3480 863 3546 animo
884 3473 993 3544 laetus.
1038 3478 1170 3565 Qaemz

151 3574 327 3647 admodum
353 3593 467 3647 autem
496 3599 577 3646 cum
597 3578 697 3668 virgo
725 3575 807 3646 ladle
832 3575 1052 3662 exuperantis
1076 3577 1169 3644 veris

152 3688 296 3764 tempore
316 3675 420 3746 nudis
443 3674 588 3766 pedibus
621 3683 682 3766 per
701 3693 836 3744 montes
857 3695 977 3742 omnes
1002 3691 1168 3764 vagatur,

152 3769 243 3844 flores
266 3799 444 3866 quaerens:
465 3772 537 3866 'ipsa
555 3791 672 3844 autem
697 3775 795 3844 valde
820 3773 941 3862 procul
962 3769 1170 3864 fragrantem

152 3872 272 3942 violam
282 3875 411 3946 indicat
425 3875 531 3945 odor:
560 3875 680 3966 puellae
697 3896 779 3945 vero
798 3871 923 3965 gaudio
936 3874 1067 3942 exultat
1083 3875 1170 3944 levis

152 3975 300 4055 animus,
329 3977 362 4045 ἃ
382 3994 526 4067 vagatur
545 3971 765 4062 insatiabilis3
792 3970 916 4043 deinde
936 3972 1095 4041 redimita
1118 3997 1171 4044 ca-

152 4088 209 4157 put
232 4071 318 4145 redit
342 4098 421 4145 cum
441 4092 544 4145 cantu
566 4076 604 4143 in
629 4072 836 4144 rusticorum
855 4069 943 4141 aedes
967 4082 1168 4161 parentum:

152 4163 193 4237 fic
212 4175 302 4245 canis
315 4173 449 4246 laetatur
466 4177 600 4246 animus
621 4173 743 4247 audax.
780 4174 936 4244 Venator
955 4189 1069 4240 autem
1089 4192 1170 4240 eum

154 4274 302 4356 quamvis
325 4292 570 4367 properantem
597 4276 635 4344 vi
651 4277 778 4343 retinet
803 4272 889 4350 lori,
919 4264 1172 4360 &gavisus‘re-

153 4373 292 4442 vertitur
306 4371 348 4442 ad
368 4374 505 4445 turbam
522 4371 714 4461 sociorum,
739 4373 865 4463 quibus
883 4367 1003 4438 saltum
1025 4367 1169 4456 indicat,

144 4464 184 4560 ¹&
197 4468 258 4545 ubi
271 4468 380 4546 seram
397 4473 505 4548 diram
521 4472 591 4568 ipse
608 4497 689 4546 cum
711 4495 793 4544 cane
817 4460 910 4542 socio
927 4464 1172 4561 deprehensam

1000 4587 1006 4612 J
1041 4583 1042 4588 ,
