3175 5434
376 483 462 580 246
718 466 1109 556 oeernu'r·
1288 446 1300 503 d

378 596 497 698 cameli
508 635 646 700 coeunt.
675 621 822 694 Pariunt
834 639 949 694 autem
961 622 1084 714 ingens
1098 643 1227 702 ovum,
1244 636 1415 715 quantum
1502 584 1505 605 ⁴

375 726 489 818 capiat
504 739 635 796 taritam
643 721 781 811 alitem,
794 721 952 814 undiquc
963 721 1094 815 lapidea
1103 724 1280 795 munitum
1293 723 1415 795 crusta.

432 953 516 1026 504.
544 933 694 1026 Lepores
716 955 880 1004 canamus
889 935 1087 1006 uenationis
1096 932 1239 1006 uberem
1248 931 1416 1028 frustum.
1505 1008 1506 1021 q

378 1056 506 1124 corpus
520 1033 568 1104 est
584 1056 751 1126 parvum,
774 1031 926 1114 hirtum,
952 1033 1143 1126 longiffima
1158 1039 1263 1117 auris,
1272 1057 1420 1128 parvum
1505 1104 1506 1121 q

382 1132 529 1224 superne
545 1151 666 1225 caput,
694 1137 792 1224 parvi
807 1132 928 1224 pedes,
955 1157 1028 1204 non
1048 1141 1140 1226 paria
1154 1159 1264 1208 crura.
1292 1135 1420 1206 Colore
1505 1180 1506 1183 =

383 1251 501 1306 autem
517 1236 633 1304 amitti
649 1229 731 1308 sunt
750 1229 928 1304 dissimili:
954 1236 1013 1304 alii
1039 1235 1180 1326 quidem
1221 1237 1365 1306 coerulei
1389 1237 1422 1306 dc
1505 1232 1506 1238 ’

384 1329 472 1406 susci
488 1335 617 1425 pullam
641 1329 799 1403 habitant
824 1351 963 1408 terram.
1003 1334 1118 1408 Rutili
1143 1353 1259 1407 autem
1282 1331 1422 1405 rursum
1505 1368 1507 1423 1

383 1434 446 1505 alii
464 1435 502 1504 in
524 1433 651 1524 campis
677 1435 867 1504 miniaceis.
910 1434 1085 1512 Caeterum
1100 1434 1291 1530 grandibus
1311 1434 1424 1527 pupil-

384 1531 429 1604 lis
449 1531 604 1624 praediti,
632 1529 725 1602 caefia
741 1529 879 1625 fulgent
893 1533 989 1603 oculi
1004 1536 1096 1615 acie,
1123 1537 1253 1630 vigiliis
1271 1554 1421 1608 armam.
1506 1540 1507 1577 ³

385 1657 570 1725 nunquam
587 1633 681 1704 enim
701 1629 860 1725 soporem
887 1631 999 1704 oculis
1022 1629 1125 1726 sopiti
1141 1640 1304 1727 capiunt,
1339 1659 1427 1726 quo-

386 1737 483 1806 niam
501 1730 652 1804 serarum
671 1735 863 1824 impetum,
892 1731 1131 1808 &hominum
1154 1736 1299 1807 celerem
1324 1730 1427 1803 soler-

389 1838 476 1906 tiam
492 1838 628 1904 timent.
653 1834 771 1905 Noe‘tu
790 1856 876 1904 vero
890 1833 1055 1925 vigisant,
1083 1839 1116 1907 δι
1134 1837 1176 1906 ad
1192 1859 1355 1906 venerem
1375 1859 1426 1905 ac·

390 1933 531 2006 cedunt
561 1949 728 2025 perpetuo
750 1950 865 2005 autem
885 1933 1031 2024 cupiunt
1058 1939 1246 2026 nuptias&
1275 1936 1426 2029 gravidae

389 2035 583 2105 etiamnum
599 2055 674 2102 non
689 2030 853 2128 recusant)
867 2034 982 2103 mariti
1013 2029 1129 2106 saiacis
1155 2040 1346 2127 impetum:
1383 2059 1427 2106 ne

391 2150 469 2205 tum
490 2132 634 2225 quidem
651 2157 730 2204 cum
757 2136 795 2202 in
827 2150 928 2205 utero
955 2129 1086 2206 habent
1108 2132 1307 2208 foecundam
1333 2139 1433 2207 velo·
1504 2142 1508 2151 '

369 2275 374 2290 =
390 2258 468 2306 cem
485 2230 641 2326 sagittam
664 2232 858 2325 (Lucinae).
905 2232 1080 2324 Praecipue
1099 2240 1191 2306 enim
1208 2235 1299 2308 istud
1320 2261 1429 2329 genus
1507 2301 1508 2304 ,

391 2357 438 2406 ex
452 2336 523 2416 iis,
562 2357 639 2424 quae
659 2329 824 2404 immensa
844 2333 956 2405 nutrit
979 2350 1090 2422 terra,
1126 2332 1330 2409 soecundum
1360 2336 1427 2408 est.

393 2437 484 2507 alius
499 2457 622 2525 nempe
640 2450 736 2504 extra
751 2453 891 2506 uterum
906 2429 1011 2504 soetus
1031 2437 1102 2506 exit
1112 2433 1300 2527 perscitus:
1322 2437 1430 2508 alium

392 2555 511 2608 autem
529 2534 625 2606 intus
643 2531 769 2626 absque
787 2537 859 2626 pilo
874 2530 1007 2633 gestat,
1041 2534 1130 2606 alius
1155 2552 1271 2608 autem
1289 2536 1431 2608 inchoa-

393 2654 453 2710 tus
467 2630 607 2716 crescit,
631 2635 739 2706 alium
753 2651 871 2706 autem
892 2628 1079 2706 informem
1103 2633 1209 2708 habet
1233 2661 1277 2709 ex
1303 2635 1431 2709 semine

394 2742 459 2812 vix
477 2751 679 2808 concretum
695 2730 831 2808 foetum.
854 2733 991 2809 Ordine
1009 2758 1094 2805 vero
1116 2759 1175 2807 eor
1183 2739 1284 2828 parit,
1300 2742 1432 2812 &nun-

396 2860 502 2931 quam
522 2834 665 2908 foemina
689 2834 876 2928 impudens
912 2831 1131 2908 obliviscitur
1152 2836 1338 2921 libidinis,
1377 2835 1433 2910 sed

395 2935 535 3029 perficit
550 2931 717 3027 quicquid
734 2935 873 3006 animus
895 2929 1033 3024 suadet,
1056 2959 1101 3007 ne
1126 2939 1168 3008 in
1192 2935 1265 3032 ipso
1291 2937 1433 3034 quidem

394 3057 515 3134 parnas
529 3034 649 3107 dolore
669 3031 829 3106 recusans
847 3056 1021 3108 venerem.

577 3274 1240 3363 ΕῈΞἪΜ-ι--ῑ-ω

658 3527 791 3650 01²
830 3527 870 3638 P
908 3531 1019 3681 run
1054 3532 1110 3640 N
1147 3534 1168 3637 1

507 3757 591 3834 DE
638 3759 1055 3836 VENATIONE
1105 3758 1222 3836 LIB.
1250 3755 1328 3835 IV.

396 3961 566 4122 Species
581 3975 655 4032 tam
673 3955 794 4032 multae
812 3955 990 4050 seranum,
1015 3974 1072 4032 tot
1090 3958 1128 4028 in
1147 3978 1253 4048 opaca
1261 3950 1361 4046 sylva
1377 3979 1437 4028 nu·

477 4061 599 4155 ptiales
623 4081 766 4132 *amores
781 4062 816 4132 dc
846 4059 1114 4133 consuetudines
1139 4054 1240 4138 sunt,
1270 4052 1436 4149 odiaque,

396 4159 598 4256 atrocesque
615 4181 762 4253 pugnae,
799 4157 1046 4254 sylvestriaque
1064 4158 1209 4231 cubilia:
1234 4177 1334 4227 nune
1357 4179 1438 4228 vero

398 4260 655 4336 laboriosorum
684 4261 844 4333 uirorum
869 4285 959 4355 opus
977 4263 1102 4354 ingens
1125 4278 1309 4336 canamus,
1342 4254 1440 4329 simul

398 4365 435 4435 u
454 4362 630 4436 strenuam
652 4362 840 4445 virtutem,
865 4364 899 4433 dc
914 4361 1079 4435 callidum
1097 4355 1308 4437 confilium,
1351 4353 1441 4430 stau·

391 4460 677 4558 democretius,
705 4457 948 4559 sagacibusque
958 4462 1049 4536 dolis
1063 4458 1263 4534 instructam
1277 4456 1440 4536 animam
