3175 5434
353 531 426 594 DE
462 522 960 614 rlscnrrounrntr.
991 539 1052 601 11.
1139 533 1228 622 287

182 659 304 733 tamen
335 662 464 734 ineunt
490 657 575 732 solae
603 665 725 744 amine,
775 665 792 756 (
804 666 927 738 Trana
964 665 1095 742 ,eliano
1116 673 1143 748 I,
1163 671 1229 759 ς.)

183 763 341 853 corporis
359 762 602 854 magnitudine
616 759 763 852 thynnis
781 761 986 846 inferioresa
1011 769 1138 858 qui-bus
1162 769 1226 846 etsi

183 885 302 932 carnes
320 858 470 934 infirmae
491 861 523 932 u
545 861 687 941 molles,
719 860 843 933 dentes
860 861 1063 958 frequentes,
1086 871 1117 938 rc
1140 894 1225 945 acu.

183 959 346 1033 cutiffimi-
365 958 465 1034 sunt:
485 963 533 1032 iis·
551 961 700 1030 maxime
726 959 946 1036 confidentes·
964 983 1143 1056 patentem
1164 975 1224 1064 pt.

181 1058 291 1132 scium
309 1085 426 1154 regem
440 1077 513 1133 tam
527 1059 684 1151 plaeclare·
700 1077 953 1146 contemnunt,
968 1063 1221 1144 utcumsolunu

183 1164 381 1252 quempiam
396 1159 438 1234 ab
450 1161 525 1230 aliis
537 1154 749 1252 segregatum
767 1157 1046 1253 observaverint,
1061 1166 1223 1264 undique

182 1278 347 1354 tanquam
368 1258 463 1354 signo
489 1260 598 1340 dato,
635 1257 839 1350 frequentes
862 1263 902 1334 in
928 1287 1010 1336 eum
1035 1267 1220 1341 invadant.

182 1360 379 1452 Delphinus
392 1357 453 1432 suo
464 1359 589 1430 robore
601 1361 734 1439 nitens,
750 1363 900 1451 primum
909 1361 1060 1435 hostium
1068 1369 1139 1438 vim
1158 1391 1223 1440 ne.

181 1463 306 1554 gligit,
338 1465 372 1534 rc
399 1460 505 1553 longe
528 1461 668 1550 lateque
691 1457 905 1551 insequens,
941 1467 1068 1554 partim·
1097 1489 1218 1540 earum

158 1560 332 1641 lacerat,
358 1564 486 1653 partim
502 1559 620 1633 exedit
641 1561 676 1630 dt
696 1557 853 1632 conficit.
900 1561 1074 1636 Postrema
1093 1590 1220 1661 magna

180 1683 299 1731 earum
314 1659 536 1733 multitudine
554 1652 788 1730 circtmastlsus
810 1659 929 1744 dolet,
951 1663 1048 1756 quod·
1063 1663 1220 1739 seununn

177 1758 293 1832 solum·
318 1778 440 1832 contra
462 1777 595 1832 tantam
627 1758 889 1849 multitudinem
917 1763 1049 1840 videat.
1094 1765 1222 1858 Itaque

176 1863 350 1932 revocatis
366 1859 531 1931 omnibus
546 1859 706 1939 viribus,
728 1855 907 1931 sortitersc
926 1859 1107 1934 defendere
1118 1869 1224 1936 anni.

178 1963 281 2034 titur.
306 1961 375 2031 Hae
398 1976 519 2032 contra
542 1955 699 2050 delphini
726 1959 895 2032 membris·
914 1959 1152 2047 circumfusae,
1182 1967 1222 2038 dc

176 2063 404 2152 pertinaciter
429 2057 667 2142 inhaerentes,
696 2056 821 2130 dentes.
837 2057 1017 2154 defigunt,
1041 2067 1075 2134 dt
1089 2051 1222 2155 partim

175 2161 277 2232 illiue
291 2161 398 2230 latera
418 2158 652 2240 conuellunt,
691 2162 817 2250 partim
839 2161 987 2234 rostrum
1013 2165 1045 2234 a
1069 2167 1218 2256 pinnac,

153 2263 305 2353 ,partim
327 2273 488 2330 ventrem
508 2255 644 2330 acerbis
669 2257 844 2330 mnrsrhue
867 2257 1055 2352 affligunt,
1087 2267 1217 2356 partiar

173 2356 345 2432 summam
378 2359 520 2430 caudam
545 2355 871 2448 compt‘el'rendunt,¹
916 2364 1041 2452 partim
1072 2361 1217 2440 dorsum

174 2459 348 2532 exedunt:
373 2478 451 2531 tum
466 2460 541 2530 aliae
559 2482 602 2530 ex
614 2461 755 2540 vertice,
775 2459 850 2528 aliae
870 2483 912 2530 ex
936 2460 1025 2530 collo
1044 2463 1214 2551 pendent.

173 2559 210 2632 Is
235 2557 356 2632 autent
377 2562 478 2630 vario
502 2561 534 2629 dt
560 2555 746 2650 multiplici
768 2557 890 2630 dolore
911 2556 1077 2642 refertus,
1106 2561 1217 2633 instar
1291 2630 1294 2638 ,

174 2659 328 2730 turbinis
344 2682 440 2730 mare
457 2660 631 2737 concitat,
655 2659 687 2728 tt
706 2657 881 2752 permulto
900 2653 1021 2730 surore
1041 2662 1216 2752 agitatus,

172 2761 213 2832 in
232 2784 355 2832 omnes
372 2775 487 2852 partes*
503 2754 570 2828 sese
589 2751 701 2826 versat
714 2808 730 2838 ,
754 2751 939 2828 &saltanti
959 2753 1101 2839 similia,
1115 2782 1217 2829 nune

171 2877 341 2952 tanquam
362 2857 511 2952 procella
536 2855 658 2928 husius
675 2853 827 2928 summos
847 2854 1027 2938 decursae,
1055 2881 1152 2928 nunc
1170 2857 1237 2930 in'

146 3047 149 3050 ἡ
170 2957 390 3050 profundum
408 2955 582 3036 desertum
620 2953 710 3048 sirpe
726 2957 815 3030 mari
836 2953 994 3031 sublimis
1016 2955 1213 3040 exsttlth,

172 3054 329 3153 effugere
342 3076 491 3130 conatur
509 3079 650 3128 examen
665 3053 839 3132 infestum.
872 3057 937 3128 Hae
954 3079 1040 3128 vero.
1057 3054 1145 3127 nihil
1167 3057 1217 3130 de

170 3160 343 3232 violentia
354 3161 592 3238 remittentes,
617 3160 724 3250 magis
737 3158 919 3250 magisque·
933 3159 971 3228 in
985 3181 1062 3229 curn
1072 3161 1210 3230 incum.

169 3254 285 3342 hunt,
311 3261 343 3330 a
363 3283 444 3330 cum
461 3258 695 3350 demergitur,
729 3256 872 3328 eandem
894 3253 975 3348 ipsae
991 3259 1082 3328 viam
1101 3255 1216 3330 confi..

171 3362 294 3432 ciunt:
315 3382 394 3428 curn
408 3354 527 3431 rursus.
538 3376 633 3427 extra
652 3380 777 3451 aquam
792 3360 947 3443 eminet,
970 3357 1100 3430 eaedem
1118 3383 1215 3450 quo-

170 3484 243 3552 que
259 3463 376 3529 traua
394 3481 561 3529 unacum
580 3455 708 3550 ipsein
726 3452 872 3527 sublime
892 3453 1062 3530 seruntur.
1100 3459 1211 3528 Dixe-

167 3559 220 3630 ris
234 3560 443 3650 Neptunum
461 3581 595 3654 norum
611 3557 756 3648 aliquod
772 3555 966 3629 monstrum·
980 3581 1022 3625 ex
1033 3555 1213 3648 delphinis:

169 3660 201 3730 a
218 3662 323 3729 amiis.
337 3654 497 3749 linxisse„
515 3655 604 3730 adeo·
629 3658 722 3726 enim
741 3655 900 3727 dentium
909 3659 1094 3744 pertinacia
1111 3655 1215 3734 callia.

142 3759 322 3851 parunt,
353 3775 395 3829 ut
416 3781 458 3828 ex
475 3757 573 3828 illius
600 3778 750 3847 corpure¹
771 3754 955 3846 nunquam
988 3753 1108 3828 delites
1140 3758 1214 3832 tol-

168 3860 276 3942 lant,
300 3855 367 3928 nih
380 3877 514 3949 partem
529 3852 775 3948 apprehensam
799 3853 1010 3932 abstrahant..
1042 3859 1132 3928 Cum
1148 3883 1209 3928 au-

167 3973 241 4031 tem
254 3955 480 4032 abscedentes
506 3956 652 4050 aliquod
672 3953 820 4051 spatium·
845 3957 883 4025 ei.
909 3956 993 4050 d'qnt
1015 3953 1219 4048 respirandi.

166 4061 410 4138 actitandae,
448 4074 528 4130 tum
553 4055 675 4128 videas
701 4055 835 4126 rabiem
857 4053 957 4130 ducis·
983 4057 1091 4140 irati,
1128 4073 1209 4126 tuna

165 4157 347 4232 mortifera
364 4156 463 4231 amiic
484 4161 652 4252 peniicies
667 4153 831 4230 insertur..
860 4153 925 4226 Hae
935 4152 1078 4244 quidem·
1091 4155 1129 4223 in
1144 4149 1205 4224 sn.

140 4335 144 4340 ,
165 4282 241 4356 garn
270 4255 532 4351 leimpell'unt,
554 4257 617 4327 ille·
633 4252 870 4330 verosulmini
882 4251 1025 4334 similis,
1046 4250 1212 4332 hacani.-

165 4334 455 4450 terinseq‘uttur,
477 4359 511 4429 dc
532 4354 741 4451 discerpit&
760 4354 911 4433 lacerat„
931 4349 1103 4444 simulque
1119 4347 1213 4426 effu-

164 4454 206 4532 sc
219 4455 342 4536 multe
366 4454 537 4565 sanguiue
553 4478 651 4531 mate
668 4447 901 4554 purpurescit.
937 4453 1026 4532 um
1043 4453 1215 4532 altre-m
