3175 5434
189 482 193 503 ’
305 420 382 541 oe¹
418 434 777 540 ers-crsrdne
817 475 921 540 ars.
964 479 1039 572 rr„
1090 478 1192 578 ¹279>

148 604 300 702 pisciculi
318 621 483 696 tanquam
500 600 544 673 ad
555 598 670 680 'escam
689 603 873 686 adnatant,
897 607 1046 678 rumille
1065 603 1193 678 senfim.

151 702 369 780 carunculam
401 699 637 796 (appendicem
657 702 833 790 carneam)
868 705 1062 780 vibrantem
1086 708 1126 778 in
1146 730 1192 778 os:
1216 737 1229 762 ··

148 806 338 892 subducit,
375 801 486 872 donec
519 796 625 892 pisces
656 805 990 895 appropinquantes,
1026 803 1193 898 nihilque

152 911 352 1002 opinantes,
380 897 690 993 comprehenderit.
725 903 812 974 Non
828 904 926 974 aliter
943 926 1088 996 auceps,
1107 929 1194 978 curru

117 1031 127 1076 t
150 1007 290 1080 alitibus
326 999 466 1074 infidias
505 997 635 1080 struit,
688 1001 848 1072 triticum⁴
880 1026 959 1074 cum
995 1006 1090 1076 intus
1112 1022 1194 1077 eunt
1271 1011 1274 1026 '

134 1125 229 1178 ante
246 1108 372 1176 domus
396 1093 522 1172 dolosae
545 1095 638 1170 fores
665 1101 828 1192 repagulo
855 1095 1010 1174 suffultas
1039 1099 1165 1198 spargit
1174 1131 1194 1183 a

153 1206 219 1279 illae
245 1206 363 1291 cibum
386 1213 585 1292 appetentes
612 1197 879 1291 ingrediuntur,
929 1201 1195 1295 &perniciosis
1275 1211 1277 1222 ⁴

146 1306 335 1400 potiuntur
353 1303 488 1392 epulis,
519 1295 603 1381 dum
621 1296 748 1371 nullibi
778 1299 910 1371 reditus
937 1317 1040 1394 patet.
1089 1304 1198 1376 Simi..

155 1409 222 1490 lem
249 1406 353 1474 etiam
377 1397 501 1472 avibus
527 1395 648 1468 dolum
682 1397 783 1468 struit
812 1397 945 1490 v'ulpes.
998 1402 1126 1493 Supina
1150 1405 1206 1474 inv

156 1520 246 1574 terra
263 1503 372 1592 jacet,
406 1495 570 1570 membris
589 1498 754 1568 omnibus
777 1502 977 1588 porrectis,
1012 1500 1212 1591 oculisque'

156 1599 299 1690 occlusis
317 1616 421 1691 atque
440 1619 500 1668 ore
515 1613 699 1679 contento,
722 1612 763 1669 ut
773 1601 872 1689 gravi
888 1595 1052 1692 sepultam
1069 1597 1197 1672 somno

156 1721 215 1775 aut
237 1723 321 1773 uere
340 1714 514 1768 mortuam
537 1695 680 1771 diceres.
721 1697 812 1768 Aves
845 1715 919 1770 tum
952 1722 989 1770 ea
1013 1697 1197 1792 conspecte.
1250 1769 1252 1774 .
1375 1691 1384 1714 ⁸

158 1779 321 1876 consertae
336 1796 519 1876 advolant,
551 1795 764 1888 jacentisque
784 1797 874 1888 pilos
893 1797 1070 1891 unguibus
1090 1801 1197 1882 velli..

158 1904 263 1983 cant,
294 1899 406 1970 veluti
429 1909 577 1967 mortuae
603 1895 811 1976 illuderent;
842 1898 902 1988 illa
926 1920 1028 1988 vero,
1060 1897 1124 1970 ubi
1148 1898 1198 1971 arl'.

159 2027 197 2074 os
220 1996 439 2078 accesserint,
476 1996 669 2085 proximam
696 2019 868 2090 quamque
892 2000 1011 2070 avium
1031 2003 1200 2072 ,maximm

156 2101 257 2174 hiatu
275 2101 422 2190 excipit,
449 2095 629 2188 praedaque
648 2099 798 2186 potitur..

209 2331 294 2386 120.
324 2303 455 2381 Callide
470 2306 574 2376 etiam
586 2303 675 2398 sepia
690 2305 838 2398 praedam
847 2321 1005 2379 venatur.
1031 2313 1200 2401 excapite

159 2404 254 2506 enim
288 2410 399 2481 enatis
433 2412 537 2475 ramis
567 2406 821 2498 praelongis&
855 2407 1043 2492 tenuibus,
1085 2410 1204 2482 veluti.

87 2520 91 2528 '
158 2510 307 2591 cimbis,
334 2503 438 2600 pisces
460 2523 624 2600 tanquam
646 2508 745 2578 lineis
775 2509 890 2598 capit,
920 2508 1003 2579 dum
1031 2525 1140 2601 prona
1162 2504 1203 2584 se·

158 2616 196 2684 in
211 2633 317 2683 arena
335 2604 397 2680 sub
414 2603 497 2677 testa
513 2606 649 2677 condit..
681 2605 807 2677 lisdem
827 2608 865 2676 in
882 2605 1041 2680 lludlibus
1057 2613 1090 2680 eie
1105 2625 1200 2704 tem...

159 2705 349 2806 pestatibus
375 2705 417 2776 ad
448 2700 524 2776 saxa
553 2707 704 2776 adhaeret
720 2757 739 2795 ,3
771 2705 1070 2798 quemadmodum,
1093 2705 1201 2780 navis

152 2809 368 2899 ‚rudentibus
388 2804 434 2876 ad.
445 2804 618 2878 litterales
630 2800 793 2900 scopulos
810 2807 964 2899 alligate,
1034 2855 1039 2868 κ

212 3037 304 3107 ua·
326 3018 472 3110 S'suillae:
492 3015 646 3112 (grem)
668 3019 855 3111 exiguae&
870 3013 1207 3090 incarnatam..

156 3147 259 3195 mum
278 3119 417 3191 hostem
432 3117 513 3188 dolo
529 3119 710 3220 vperimunt
726 3173 744 3204 ,.
772 3119 898 3208 lupum
926 3122 1113 3190 voracitate
1138 3113 1207 3188 suu.
1327 3180 1330 3187 .

157 3220 363 3316 insignem,
385 3218 449 3310 qui·
465 3241 519 3287 eas
535 3219 573 3286 in
590 3218 710 3288 cibum
723 3220 878 3308 appetit,¹
888 3218 1072 3291 Devoratae
1087 3217 1202 3300 abeo,

160 3314 557 3410 cum·.u·eque·res1stere
577 3319 644 3398 ei,
673 3341 792 3409 neque
807 3311 964 3409 effugere
986 3317 1135 3410 poffint‘,
1160 3319 1208 3388 in.

160 3446 229 3492 ore
239 3404 326 3510 lupi
344 3418 446 3488 celeri
463 3414 712 3508 frequentique
723 3435 828 3487 motu.
841 3421 1144 3512 circumaguntur,
1166 3420 1207 3489 de

159 3535 386 3595 conruaeuto
396 3566 414 3597 ,.
434 3519 562 3607 quode
571 3514 708 3587 summo·
720 3514 875 3606 ipsarum
889 3522 995 3605 capite
1009 3523 1209 3607 prominet,

159 3621 319 3694 medium
344 3614 452 3687 hostis
470 3618 617 3706 palatum
638 3615 819 3706 configunt
839 3618 875 3687 u
890 3616 1092 3690 vulnerant..
1125 3616 1195 3686 Ille

128 3755 134 3760 ·
160 3718 313 3814 quidem
332 3719 377 3786 in.
398 3713 577 3808 praesentia·
604 3717 676 3788 cibi·
701 3714 854 3808 cupidus:
868 3715 1052 3809 negligit,
1088 3715 1210 3809 postea·v

158 3844 255 3893 uero
279 3813 442 3908 serpente:
465 3820 508 3888 δι.
528 3814 734 3908 depascente.
753 3815 927 3898 vulnere,
945 3839 1022 3909 prae
1048 3819 1210 3904 cruciatur

158 3935 356 3993 emoritur..

166 4107 170 4114 ’
216 4135 312 4215 apr..
331 4107 735 4203 illuminemur,
753 4111 873 4182 i'ncolb:
887 4109 997 4188 coeni,
1024 4102 1212 4177 l'atiffilnuse

159 4217 348 4291 omnium.
366 4207 450 4302 saepe
466 4213 564 4282 enim
582 4211 629 4281 ad.
641 4211 805 4282 undecim
825 4211 885 4280 vel:
897 4206 1085 4288 duodecim.
1104 4203 1211 4277 cubi-

159 4336 225 4390 tos
243 4309 433 4386 latitudine
455 4314 614 4392 accedit,
648 4308 711 4382 sed.
730 4309 876 4403 viribus>
906 4310 1014 4400 plane
1029 4305 1212 4388 imbellis„

95 4443 99 4455 ¹
159 4406 202 4492 &a
218 4409 504 4505 corporemolli'.
532 4409 702 4493 maribus·
718 4405 901 4497 obscuris„
919 4403 1082 4498 exiguis„
1104 4399 1214 4480 inbre»

1121 4707 1180 4885 i
