3175 5434
387 535 476 628 284
737 539 1090 606 orarius

387 689 467 745 toto
485 667 642 762 corporis
654 667 766 740 trastu
783 661 980 738 erinac‘eum
993 663 1218 754 complexus,
1244 657 1339 754 quasi
1353 663 1430 734 vin-

389 771 479 844 culis
501 769 671 860 illigatum
685 781 802 846 tenet,
827 769 859 838 ἀ
880 763 1036 856 undique
1060 760 1177 834 morsu
1194 765 1352 854 impetit,
1374 785 1433 832 ne·

391 895 461 964 que
480 869 649 959 impetum
676 867 843 952 remittit,
876 863 956 935 licet
983 863 1051 956 jam
1079 875 1175 934 totus
1195 861 1280 933 diris
1303 861 1433 934 aculeis

304 970 315 998 ³
389 966 523 1044 infixus
557 965 670 1036 veluti
709 964 815 1036 clavis
847 960 1004 1044 htcrert,
1049 959 1160 1034 donec
1194 958 1433 1052 exspiraverit.

391 1071 486 1161 saepe
518 1067 622 1138 etiam
650 1060 760 1134 seram
786 1065 942 1154 corporis
975 1056 1084 1156 pressu
1110 1057 1211 1134 simul
1242 1058 1436 1138 interficitt

392 1165 572 1240 interdum
605 1185 690 1235 vero
721 1165 897 1234 erinaceus
924 1162 1076 1236 vinculis
1103 1158 1274 1244 elabitur,
1302 1160 1437 1234 mortui

393 1265 564 1360 strpenns
582 1260 736 1336 rnernbra
750 1257 858 1356 spinis
877 1259 993 1335 adhuc
1008 1257 1117 1334 infixa
1131 1280 1264 1355 gerens.

446 1487 530 1566 389.
558 1474 637 1563 Jam
655 1496 741 1546 vero
756 1470 922 1545 locustam
940 1470 1037 1546 duris
1066 1473 1193 1544 aculeis
1219 1468 1437 1544 armatam&

393 1577 576 1655 velocem,
610 1563 907 1666 tardus-polypus
944 1574 976 1646 δι
1007 1571 1214 1644 imbecillior
1247 1584 1436 1663 expugnat.
1503 1609 1505 1708 4

390 1676 465 1749 Hic
487 1677 602 1755 enim,
630 1697 710 1746 cum
724 1696 800 1745 eam
818 1678 857 1744 in
878 1667 975 1744 saxea
998 1672 1114 1765 aliqua
1136 1693 1282 1743 caverna
1297 1690 1438 1740 moran-
1503 1709 1505 1788 4

392 1789 466 1847 tem
485 1771 772 1865 deprehenderit,
799 1775 838 1844 in
862 1771 936 1861 ejus
954 1769 1091 1844 dorsum
1112 1771 1258 1844 latenter
1282 1766 1435 1846 invadit,
1503 1793 1505 1858 4

395 1874 586 1948 &vincula
605 1872 834 1961 circumibit,
868 1871 901 1942 ἃ
928 1866 1086 1944 sortibus
1103 1869 1290 1943 acetabulis
1320 1865 1436 1939 fauces
1504 1875 1505 1890 ¹

392 1969 619 2059 intercludit,
648 1994 692 2042 ne
715 1969 841 2062 spirare
869 1967 969 2062 polilt
982 1997 995 2052 5
1030 1975 1231 2044 nemetiam
1255 1967 1364 2061 pisces
1386 1990 1437 2036 re.
1504 2053 1505 2074 Χ

394 2068 592 2164 spirationis
614 2066 714 2142 usum
728 2068 870 2141 habent.
910 2069 1055 2144 Locusta
1071 2094 1160 2142 vcro
1174 2072 1269 2141 illius
1290 2071 1436 2139 circum·
1504 2079 1505 2166 l

396 2172 583 2264 plicatione
600 2167 642 2238 ad
659 2167 882 2241 moriendum
894 2172 1028 2258 vicina,
1057 2194 1151 2243 nunc
1166 2165 1325 2263 quiescit,
1345 2189 1440 2238 nunc
1504 2171 1505 2218 l

397 2287 581 2358 movetur,
608 2291 704 2342 nunc
725 2267 770 2338 ad
788 2265 865 2341 sara
881 2269 1046 2342 alliditur.
1090 2274 1119 2342 is
1139 2293 1227 2341 vero
1241 2271 1440 2338 uonintcr·
1503 2223 1505 2342 Ι

398 2373 509 2444 mittit
522 2366 653 2442 tamdiu
673 2391 898 2462 oppugnare,
935 2368 1050 2464 quoad
1067 2369 1220 2443 exarserit
1236 2371 1269 2440 &
1284 2364 1438 2440 consece-
1503 2345 1505 2482 l

398 2472 467 2543 rit:
489 2490 553 2541 nec
575 2469 674 2541 aliter
695 2481 815 2541 'carnes
831 2465 984 2562 sugendo
1002 2495 1045 2541 cx
1064 2471 1138 2562 ejus
1158 2469 1241 2541 testa
1262 2466 1439 2546 exhaurit.
1503 2485 1505 2586 ⁴

400 2593 505 2663 quam
525 2568 641 2642 infans
663 2568 790 2662 aliquis
812 2592 855 2641 ex
875 2567 1041 2641 uberibus
1065 2571 1213 2642 nutricis
1239 2571 1296 2640 lac·
1318 2565 1439 2640 trabit.
1504 2593 1505 2652 l

400 2672 457 2744 Sic
475 2666 551 2743 fere
579 2671 707 2759 impius
731 2668 847 2758 latro,
888 2667 1077 2741 nefandum.
1107 2672 1229 2742 animo
1256 2664 1440 2740 confilium
1504 2667 1505 2679 ’

399 2773 555 2864 agitans,
589 2767 655 2840 sub
674 2773 812 2840 nostem
840 2770 879 2839 in
896 2771 1090 2862 angiportu
1112 2767 1316 2848 delitescit,
1354 2765 1437 2841 &fi
1503 2851 1504 2862 2

401 2872 480 2962 quis
492 2867 582 2939 sorte
601 2891 737 2939 acoena
746 2867 891 2949 ebrius,
929 2869 1095 2962 mollique
1113 2873 1268 2942 cannino
1280 2872 1438 2941 animum

400 2968 589 3046 oblectans.
615 2984 848 3057 praeterereat,
875 2982 1007 3062 atergo
1022 2969 1169 3050 invadit,
1195 2966 1439 3062 despoliatum.

400 3088 468 3161 que
488 3070 521 3140 δι
540 3062 807 3141 semimortuum
822 3064 925 3140 humi
938 3067 1145 3162 prostrantur
1167 3071 1352 3162 relinquit.
1369 3141 1376 3149 ,
1503 3063 1504 3150 ἶ

452 3293 538 3368 422.
581 3277 652 3350 Alii
686 3275 831 3369 piscium
854 3303 992 3353 veneno
1020 3305 1059 3356 os
1085 3297 1256 3357 armatum
1286 3279 1439 3371 habent,
1503 3277 1504 3348 Ϊ

363 3421 373 3430 -
402 3373 592 3468 dirumque
614 3377 753 3450 vulneri
772 3377 1112 3466 virovinfundunt,
1149 3402 1189 3456 ut
1214 3380 1438 3476 scolopendra
1502 3379 1504 3452 j

399 3478 552 3556 marina,
575 3471 692 3546 similis
707 3479 878 3561 terrestri,
905 3481 999 3573 quod
1019 3481 1064 3553 ad·
1088 3485 1243 3576 corporis
1265 3480 1438 3576 speciem,

398 3573 459 3649 sed
485 3578 581 3649 tastu
599 3581 793 3656 nocentior.
845 3579 1048 3654 Venenatus
1075 3587 1168 3654 enim
1200 3582 1289 3675 ejus·
1306 3581 1440 3669 morsus
1488 3594 1491 3610 ¹

398 3679 582 3770 pruritum·
595 3677 753 3762 inducit,
791 3679 1086 3754 &rubicundum
1112 3687 1151 3756 in
1178 3697 1257 3754 cute
1285 3681 1439 3758 colorem

399 3777 550 3857 excitat,
575 3772 659 3848 ficut
677 3778 846 3871 papulam·
860 3779 969 3870 herb'a
992 3785 1104 3854 urtica
1125 3785 1250 3855 inurit.
1294 3782 1438 3858 Piscato-

399 3874 500 3954 ‘ribus
515 3878 619 3947 etiam
641 3873 865 3972 scolopendra
883 3877 1099 3954 infestissima·
1119 3882 1178 3955 est.
1208 3879 1324 3974 postea
1347 3888 1438 3958 enim

400 3998 507 4068 quam
525 3972 670 4048 hamum
683 3976 756 4051 lucc
774 3981 984 4071 contigerit,
1012 3983 1130 4055 nullus
1149 3979 1247 4074 piscis
1264 3982 1308 4053 ad
1329 3983 1438 4062 escam

291 4082 296 4099 ’
399 4073 552 4164 accedit,
582 4075 678 4170 quod
696 4075 802 4170 hujus
824 4095 919 4152 tetro
936 4079 1047 4154 odore
1059 4083 1185 4176 procul
1200 4082 1359 4176 pellitur.

451 4293 540 4368 434.
569 4275 688 4348 Simile
713 4276 844 4369 julides·
865 4279 968 4349 varie
992 4277 1146 4374 (pilia)
1170 4302 1352 4354 venenum
1382 4308 1436 4360 ore
1501 4267 1503 4306 ³

397 4377 607 4458 continent,
643 4377 792 4450 molestae
813 4379 973 4470 inprimis
996 4377 1195 4474 infestaeque
1211 4384 1435 4459 urinantibus
1500 4395 1502 4478 3

279 4505 285 4518 ·
400 4468 676 4570 &spongiarum
696 4472 936 4584 piscatoribus.
979 4476 1026 4557 ln
1047 4477 1114 4586 hus
1138 4482 1233 4560 etum
1250 4530 1280 4569 2.
1298 4505 1385 4562 cunr
1400 4489 1440 4562 iu
