3175 5434
289 176 291 181 ’
351 154 359 204 l

347 505 419 568 DE
458 491 846 568 Fractarum
879 506 990 570 ΜΒ.
1024 505 1059 570 1·
1130 511 1219 593 *275
1311 535 1315 543 ·

179 631 292 730 quilla
317 637 436 727 greges
464 630 713 723 delphinorum
736 633 959 725 procedente
992 622 1147 708 minores
1179 641 1221 708 ‘in

177 743 289 833 prima
303 737 375 804 acie
387 728 489 812 sunt,
514 730 652 824 &quasi
667 734 899 824 tripudiantes
917 730 1109 832 exlulmnt,
1125 759 1218 827 *quos

79 910 80 913 ,
175 853 338 932 parentes
355 831 533 913 custodes,
559 849 599 904 ut
611 831 726 924 pastor
740 852 882 904 teneres
898 857 981 904 vere
1000 855 1133 926 agnos,
1159 851 1220 907 aut
1299 851 1302 860 “

177 960 305 1030 pueros
320 957 339 1002 a
358 929 475 1002 schola
489 929 677 1003 'redeuntes
693 933 873 1026 paedagogi
888 931 1022 1004 ienedta
1038 935 1219 1006 venerabi.

177 1041 251 1118 les,
282 1054 490 1122 morumque
508 1027 748 1122 inspeetores,
774 1055 795 1102 a
817 1050 915 1128 tergo
934 1029 1215 1126 prosequuntur,
1252 1123 1255 1128 Ι

178 1161 225 1209 ne
243 1139 283 1208 in
296 1130 492 1227 periculum
500 1131 647 1223 aliquod
664 1134 861 1219 irrcurrann
987 1151 988 1158 ’

229 1353 315 1430 686.
333 1340 460 1416 Nihilo
467 1337 578 1414 secius
586 1344 693 1413 etiam
705 1341 819 1435 plraea
830 1339 982 1418 ioltoletn
996 1361 1117 1426 aurat,
1133 1367 1217 1417 reum

177 1453 219 1522 in
245 1465 373 1518 terram
391 1438 519 1535 egreffa
540 1446 731 1535 pepererit3
764 1443 871 1517 habet
885 1448 983 1516 enim
999 1447 1036 1516 dc
1053 1468 1218 1516 mammas
1280 1502 1282 1504 .
1351 1504 1380 1546 3

178 1553 213 1621 aa
230 1547 328 1618 ludis
350 1547 494 1635 copiam.
522 1541 718 1614 Duodecim
730 1542 805 1616 dies
820 1563 931 1618 mater
944 1567 1028 1615 eunt
1041 1543 1166 1616 :catulis
1178 1547 1218 1615 in

78 1695 82 1700 -
177 1669 270 1720 terra
291 1643 405 1736 degit,
430 1640 568 1713 decimo
589 1647 693 1714 tertio
714 1635 773 1715 die
791 1645 973 1739 eomplexa
985 1645 1028 1715 in
1043 1669 1139 1716 mare
1155 1639 1217 1716 *dess
1261 1671 1263 1674 ·

177 1746 248 1820 fert
276 1747 309 1816 &
332 1744 536 1834 immergit,
576 1740 699 1835 eosque
717 1759 884 1836 tanquam
909 1734 1021 1816 <mater
1041 1743 1157 1818 filium
1178 1747 1218 1816 in

178 1851 293 1919 alieno
313 1839 538 1934 &peregrino
548 1838 620 1912 solo
628 1845 753 1925 enixa,
767 1851 818 1914 vin
833 1847 980 1936 ‘patriam
993 1841 1216 1937 propriasque
1283 1892 1287 1901 «

178 1945 275 2020 sedes
295 1940 446 2017 deducit
483 1941 538 2015 illi
557 1940 691 2038 lingula
711 1966 735 2013 a
759 1959 871 2016 matre
891 1943 1080 2017 inorditate
1098 1946 1218 2038 perlu-

176 2047 299 2122 strant.
345 2090 351 2101 κ

197 2263 312 2333 ,7οι
338 2237 436 2313 Proh
455 2236 541 2310 Dii!
575 2260 682 2328 quam
710 2265 787 2314 non
809 2239 971 2316 homines
1000 2233 1135 2327 selum,
1156 2239 1216 2316 led

176 2366 260 2414 aves
285 2343 409 2421 etiam,
447 2334 681 2432 immanesque
706 2342 813 2425 letae,
840 2348 876 2416 ἃ
899 2339 1081 2414 erudiuori
1109 2340 1216 2436 pisces

178 2444 313 2535 prolem
330 2444 363 2512 da
381 2439 511 2510 liberos
530 2459 666 2520 amant,
693 2443 823 2532 quibus
838 2441 930 2514 nihil
942 2442 1214 2524 etri-usha‘benr,

177 2547 212 2615 dr
226 2540 362 2612 malunt
372 2540 459 2611 mala
472 2541 593 2608 omnia
606 2539 781 2634 ipsamque
789 2565 854 2633 pro
864 2545 909 2614 iis
918 2560 1068 2614 mertem
1079 2541 1214 2616 subire!

177 2647 273 2734 Saepe
288 2657 471 2712 venatores
490 2639 631 2710 leaenam
647 2643 813 2714 viderunt
832 2665 897 2734 pro
918 2641 1044 2712 ‘catulis
1063 2639 1133 2714 luis
1149 2665 1217 2734 pu-

176 2761 364 2835 gnantem,
401 2762 478 2832 quae
496 2742 727 2832 imperterrita
745 2739 906 2814 sanorum
921 2738 1148 2834 telorumque
1166 2741 1217 2835 ja*-

176 2847 253 2913 nus
269 2855 403 2923 manet,
437 2855 654 2934 mortemque
673 2843 793 2923 obire,
828 2863 933 2933 quam
956 2839 1085 2913 liberos
1103 2835 1224 2925 cubiliw

175 2944 336 3034 dereptas
353 2943 392 3011 in
416 2956 623 3026 venatorum
642 2941 806 3033 potestate
828 2942 949 3014 videre
968 2940 1115 3013 mavult.
1153 2941 1216 3012 Pa·
1235 3012 1238 3020 ,

173 3042 246 3114 stor
260 3043 386 3122 etiam,
409 3036 473 3110 ubi
487 3035 577 3111 forte
595 3039 638 3110 ad
657 3041 771 3114 cubile
787 3033 908 3114 recens
923 3043 1034 3110 enixae
1050 3043 1146 3112 tanis
1157 3063 1215 3112 nc·

173 3139 326 3222 cederit,
352 3138 495 3211 timidus
509 3141 661 3222 recedit,
682 3145 839 3234 iramque
854 3143 974 3211 matris
987 3143 1113 3222 evitat,
1135 3163 1214 3234 quae

171 3261 252 3316 eum
270 3264 335 3311 nec
351 3235 462 3332 ipsum
475 3236 660 3313 deminum
670 3257 873 3324 reveretur,
890 3263 955 3312 nee
971 3241 1078 3312 alium
1092 3265 1215 3332 quem-

172 3345 269 3435 piam
286 3342 561 3432 appropinquare
577 3345 718 3432 patitur.
744 3341 868 3413 Vaccae
884 3363 957 3412 non
972 3341 1072 3412 aliter
1086 3339 1158 3412 fere
1172 3361 1214 3414 ae
1239 3425 1240 3428 Ἴ

170 3443 339 3514 mulieres
358 3439 533 3512 abstradlis
551 3442 673 3514 vitulis
689 3459 835 3536 gemunt
853 3443 885 3512 &
904 3439 1100 3531 ejulantur,
1111 3437 1217 3530 ipsos-

171 3565 244 3635 que
262 3542 366 3610 etiam
378 3537 556 3612 interdum
568 3541 718 3632 pastores
736 3541 856 3612 dolore
872 3537 1042 3612 afficiunt.
1068 3537 1214 3614 Offifra,

172 3665 216 3735 ga
237 3636 475 3710 miserabiliter
494 3637 628 3713 amiffos
653 3642 769 3735 pullas
795 3663 896 3712 mane
922 3641 1039 3734 luget,
1065 3638 1210 3732 perinde
1316 3670 1318 3677 ⁸

171 3757 216 3812 ut
233 3736 375 3812 luscinia
394 3742 426 3811 &
442 3737 619 3824 hirundo,
645 3763 794 3834 quarum
814 3737 917 3810 nidos
935 3757 998 3813 aut
1014 3736 1212 3814 homoesu-

169 3839 261 3911 delis
277 3857 339 3911 aut
349 3836 487 3930 serpens
505 3835 598 3914 forte
615 3839 831 3936 depraedatus
849 3835 969 3919 fuerit.

223 4066 310 4142 733.
349 4050 401 4124 Ut
417 4045 593 4145 delphini,
616 4053 667 4124 ite
684 4056 788 4126 etiarn
808 4052 868 4124 alii
887 4050 993 4146 pisces
1010 4053 1142 4146 prolem
1158 4047 1213 4124 su·
1235 4087 1237 4094 ·

171 4173 230 4224 arn
242 4151 407 4222 curant&
418 4167 574 4225 tuentur.
600 4153 734 4226 Mirum
747 4152 817 4226 hoc
830 4153 872 4224 de
889 4177 972 4226 eane
988 4151 1121 4226 marina
1132 4175 1212 4224 nar-

171 4265 263 4323 rant.
300 4248 471 4322 simulac
491 4254 643 4345 peperit,
671 4255 802 4326 catulos
817 4249 897 4325 suos
914 4278 985 4327 una
1007 4249 1121 4323 secum
1149 4254 1211 4324 ne'-

172 4367 289 4424 rantes
308 4345 434 4431 habet3
467 4348 508 4422 lei
524 4347 550 4422 fi
566 4351 651 4445 quid
676 4350 767 4426 farte
791 4354 937 4446 periculi
954 4356 1118 4439 timeant,
1147 4373 1210 4444 per
1288 4340 1298 4360 '

170 4448 337 4546 genitalia
353 4451 392 4519 in
404 4470 563 4522 ventrem
581 4454 700 4524 matris
717 4448 956 4542 recipiuntur,
982 4467 1086 4544 atque
1103 4450 1210 4540 inde,
1289 4496 1293 4520 t

86 4632 93 4654 x
166 4549 231 4629 ubi
247 4550 357 4623 timor
370 4545 515 4634 abierit,
539 4546 658 4626 rursus
671 4550 859 4647 prodeunt
1008 4553 1132 4630 Mma
