3175 5434
374 446 464 551 xxij
699 471 723 534 1¹
741 471 908 542 narr
927 470 958 532 o
977 470 1050 530 1⁴0,

456 595 634 659 Postremum
652 597 705 671 est,
730 609 761 660 ut
778 597 816 661 de
836 597 966 660 versione
981 595 1227 674 Cynegeticorum
1249 597 1279 656 dc
1300 593 1418 656 Halieu-

382 699 509 762 ticorum
526 699 617 762 latina
634 701 774 766 dicamus.
819 699 920 763 Libros
943 700 1031 779 igitur
1052 699 1090 760 de
1110 699 1274 760 Venarione
1294 711 1420 776 quatuor

381 823 419 864 ex
434 802 525 865 latina
534 805 611 870 Adr.
630 807 760 868 Turnebi
771 805 1012 883 interpretatione
1021 802 1115 881 posui,
1132 801 1234 880 pallini
1243 801 1420 879 interpolata

381 911 410 970 u
429 907 582 986 diligenter
597 910 767 983 emendata,
789 909 958 986 ubicunque
972 909 1016 969 vir
1032 904 1227 979 doffiillmus,
1244 906 1320 967 dum
1333 907 1422 968 nimis

383 1010 495 1074 curiose
509 1010 619 1090 lingula
633 1011 721 1074 verba
739 1031 833 1090 greca
845 1011 942 1074 latinis
959 1011 1084 1074 reddere
1096 1009 1244 1080 madebat,
1267 1030 1284 1072 a
1298 1012 1423 1073 veritate

371 1117 582 1190 ¹aberraverat,
611 1127 663 1178 aut
683 1135 767 1178 nove
785 1115 972 1194 meliorisque
990 1113 1123 1178 lestionis
1140 1096 1424 1178 fundum'codicem

384 1220 511 1301 Regium
528 1219 716 1284 habebamus.
759 1220 826 1298 Qua
840 1221 963 1298 quidem
976 1220 1009 1282 in
1023 1241 1056 1283 re
1068 1234 1131 1282 non
1142 1232 1206 1282 tarn
1212 1221 1342 1297 tempori
1356 1239 1423 1282 meo

385 1325 524 1403 peperci,
547 1326 629 1400 cuius
651 1343 789 1403 magnam
809 1336 924 1402 partem
936 1325 969 1386 in
987 1325 1131 1403 exigenda
1143 1323 1303 1387 verborum
1320 1324 1426 1385 latino·

384 1448 451 1490 rum
467 1426 595 1490 viveluti
604 1427 767 1506 pytillando
783 1426 926 1507 absumpsi
940 1429 1108 1506 &perdidt
1130 1447 1218 1506 quam
1228 1427 1299 1488 dare
1314 1424 1425 1503 aliquid

386 1546 488 1596 nmen
501 1533 576 1594 mori
591 1530 735 1594 tralaticio
754 1530 851 1606 volui,
872 1535 901 1594 dt
911 1530 1056 1597 voluntati
1068 1531 1253 1610 quorundam
1266 1529 1426 1592 hominum

386 1635 523 1714 obsequi,
546 1638 595 1715 qui
608 1635 772 1700 versionum
788 1635 930 1712 oraculis,
955 1636 1033 1715 quafi
1048 1634 1145 1713 lippus
1159 1633 1274 1707 oculis,
1302 1653 1426 1696 manum

385 1739 527 1802 abstinere
545 1753 714 1816 nequeunt,
752 1739 825 1801 dum
844 1739 896 1801 srbi
914 1739 1035 1817 aliisque
1063 1759 1205 1818 perquam
1224 1759 1320 1816 graece
1348 1740 1427 1800 dodi

367 1843 481 1906 ¹videri
495 1844 609 1907 volunt
657 1842 693 1903 ln
721 1841 802 1904 libris
836 1844 874 1906 de
903 1843 1063 1907 Piscatione
1083 1843 1174 1906 latine
1199 1845 1427 1921 interpretandis
1464 1904 1466 1909 .

387 1929 477 2026 longe
492 1946 560 2008 alias
574 1947 700 2010 rationes
721 1949 836 2010 secutus
857 1946 938 2023 sum,
966 1948 1097 2025 mihique
1129 1947 1343 2010 discedendum
1373 1948 1428 2011 else

389 2051 547 2114 erdstimavi
565 2071 678 2114 amore
691 2051 758 2127 illo,
782 2053 832 2130 qui
845 2053 923 2130 turpi
941 2053 1073 2114 virorum
1090 2053 1181 2114 eriam
1198 2050 1429 2113 dodillimorum

389 2154 534 2218 consensu
542 2157 578 2216 ad
592 2155 717 2216 nostram
736 2167 852 2218 atatem
862 2169 1036 2237 propagatus
1044 2156 1200 2231 effecerat,
1213 2170 1248 2218 ut
1256 2156 1428 2234 Oppianus,
1500 2152 1501 2181 ³

389 2281 461 2323 cum
472 2264 532 2337 jam
546 2280 563 2321 a
576 2261 675 2336 paucis
689 2279 783 2342 grece
803 2257 964 2338 legeretur,
993 2281 1033 2324 ne
1049 2261 1140 2324 latine
1163 2262 1284 2339 quidem
1305 2258 1430 2338 intelligi
1501 2242 1503 2301 l

391 2364 484 2444 posset
504 2365 539 2427 ab
562 2366 614 2438 iis,
649 2367 698 2442 qui
726 2383 824 2428 rerum
846 2366 1097 2444 animantiumque
1127 2378 1236 2428 naturae
1255 2366 1431 2445 indaganda

391 2471 518 2532 studium
541 2481 677 2530 autorum
696 2480 830 2530 veterum
854 2467 982 2533 ledtione
1009 2469 1057 2533 vel
1080 2471 1218 2546 adjuvare
1248 2469 1298 2533 vel
1327 2491 1432 2532 ornare

391 2585 579 2636 conarentur.
622 2572 738 2634 Horum
754 2573 842 2650 igitur
864 2574 939 2635 votis
955 2575 999 2636 uti
1020 2574 1192 2648 satisfieret,
1214 2575 1359 2653 simulque
1380 2592 1433 2655 pu·

392 2679 471 2742 blico
485 2677 635 2740 literarum
657 2677 737 2740 borio
756 2675 973 2753 consuleretur,
995 2696 1064 2740 eam
1077 2677 1151 2742 milri
1164 2680 1197 2739 in
1208 2679 1433 2757 interpretando

392 2803 512 2863 operam
527 2782 700 2852 sumendam
714 2783 770 2844 elle
786 2783 959 2857 censebam,
988 2795 1023 2846 ut
1041 2801 1138 2860 quaea
1159 2787 1248 2861 poeta
1272 2784 1433 2847 verborum

392 2886 628 2950 translationibus
663 2885 867 2965 frequentique
904 2907 1003 2950 renam
1039 2887 1176 2950 similium
1212 2891 1434 2966 comparatione

378 3001 554 3062 exornata,
589 3001 639 3048 aut
660 2987 751 3068 longo
777 2991 912 3071 didionis
928 2993 1040 3054 ambitu
1053 2994 1173 3055 diducta
1194 2991 1277 3069 sunt,
1299 2995 1435 3057 oratione

394 3095 482 3174 plana
509 3097 537 3156 dc
564 3092 680 3155 concisa
703 3093 877 3173 complexus
900 3093 1099 3174 explicarem,
1138 3096 1239 3174 saepius
1265 3099 1436 3177 interposita

395 3201 479 3263 brevi
499 3199 724 3273 admonitione,
753 3219 813 3277 qua
832 3199 955 3264 lectores
976 3203 1008 3263 in
1029 3200 1187 3264 verborum
1212 3203 1432 3279 proprietatem,

308 3330 311 3337 ·
395 3323 550 3381 rerumque
564 3303 718 3366 veritatem
735 3305 812 3381 quali
826 3307 858 3366 in
870 3325 934 3368 rem
948 3306 1120 3384 praesentem
1138 3306 1275 3378 deducti,
1291 3325 1354 3367 non
1362 3327 1435 3385 opus

381 3408 556 3481 -lraberent,
579 3406 748 3486 ubicunque
767 3409 956 3474 dubitationis
977 3409 1089 3488 aliquid
1107 3398 1266 3483 inciderit,
1297 3411 1336 3470 ad
1355 3432 1436 3474 eom·

397 3514 533 3578 mentarii
548 3525 637 3590 opem
653 3505 826 3588 decurrere,
848 3534 937 3592 quern
959 3535 1070 3578 avana
1089 3515 1200 3593 ingenii
1225 3514 1434 3590 ostentatione,

395 3619 537 3694 omnique
554 3617 710 3680 verborum
725 3617 893 3696 prolixitate
912 3619 1042 3684 alienum
1059 3620 1116 3682 effe
1134 3617 1278 3682 volebam.
1302 3619 1447 3700 Ingenue,

396 3736 496 3785 nutem
510 3721 649 3800 profiteor
677 3723 804 3785 multum
835 3731 883 3786 nie
913 3727 944 3786 in
971 3725 1192 3804 interpretando
1213 3724 1272 3784 hoc
1305 3730 1437 3791 carmine

398 3825 481 3890 fuille
495 3827 629 3902 adjutum
642 3826 792 3904 diligentia
806 3831 834 3890 ἃ
849 3827 961 3908 scriptis
979 3831 1072 3911 Gyllii
1079 3876 1089 3906 ,
1104 3829 1287 3901 llondeletir',
1301 3831 1435 3909 Gesneri,

386 3947 523 4013 'quorum
541 3932 616 3994 adeo
638 3930 697 4008 ipsa
714 3931 829 4008 verba,
859 3934 910 3995 ubi
933 3936 1036 4013 quibus
1055 3934 1115 4014 ipse
1136 3935 1240 3998 melius
1259 3946 1311 3995 aut
1331 3939 1437 4000 reclino

396 4039 511 4104 sensum
533 4036 675 4099 orationis·
687 4055 786 4114 graecae
797 4039 976 4115 redderem,
1006 4059 1068 4100 non
1087 4038 1285 4118 reperiebam,
1308 4039 1452 4120 saepenu-x

385 4166 479 4208 mero
504 4146 536 4205 in
558 4141 721 4206 versionem
742 4140 864 4203 latinum
882 4144 1051 4224 prescripto
1079 4159 1179 4208 tamen
1212 4145 1335 4207 nomine
1371 4167 1438 4210 meo

390 4232 535 4312 'narrstull
580 4231 646 4326 Qus
667 4247 787 4325 quidem
803 4249 835 4307 in
852 4269 883 4310 re
896 4267 958 4311 non
977 4251 1080 4314 dubito
1104 4251 1187 4324 fore,
1216 4251 1266 4327 qui
1287 4251 1357 4312 viris
1383 4253 1439 4314 illis

401 4353 566 4417 doulffimis
592 4357 733 4431 majorem
756 4373 772 4414 a
796 4354 973 4416 nefariam
994 4356 1077 4420 fluisse
1099 4358 1237 4432 injuriam
1266 4354 1438 4432 clamitent,

399 4479 486 4540 quam
509 4460 587 4536 quod
608 4457 678 4520 olim
697 4457 851 4539 Dionysius
865 4459 1028 4542 AEsculapio
1045 4462 1166 4527 barbam
1184 4479 1302 4524 auream
1320 4463 1440 4526 demere
