3175 5434
367 551 436 614 us
466 551 820 618 rrscnrroui:
860 555 964 617 cm.
1005 557 1063 620 11.
1151 551 1233 634 aar

184 675 344 750 fiendum
376 680 484 752 maris
509 696 686 774 pergunt,
723 678 837 753 ders-sis
859 682 1059 775 agminibus·
1075 687 1235 780 undique

184 779 362 870 ingruunt
380 802 398 850 a
416 781 540 872 petris,
568 782 600 852 &
617 778 793 852 morsibus
807 783 1008 872 impetunts
1039 781 1161 858 frustra
1179 789 1235 860 illi

186 878 366 974 manibus»
378 878 532 970 pedibus
544 875 707 950 infestum
726 903 870 970 examen
895 881 1032 975 abigere
1056 884 1237 966 laborant,

183 999 309 1070 nequa
327 981 423 1048 enim
440 981 626 1073 quicquam
643 977 686 1050 de
708 977 924 1070 impudentia
944 984 1153 1074 remittunt,
1171 982 1234 1057 sed.
1252 1065 1255 1073 ,

185 1077 432 1167 imperterrita
458 1078 607 1164 instant,
642 1077 756 1150 veluti
775 1075 969 1151 muscarum
999 1080 1109 1153 aestivi
1134 1107 1233 1156 exer·

188 1178 282 1248 citus
313 1174 477 1248 meliores
496 1176 655 1268 undique
684 1174 884 1270 freffirentes
917 1178 1121 1263 molestant,
1164 1208 1233 1257 nec

189 1277 289 1368 prius
308 1273 507 1362 discedunt,
542 1300 645 1368 quam
669 1281 890 1359 moriantur,
925 1296 985 1350 aut
1001 1277 1094 1351 dulci
1116 1280 1234 1356 homi·

190 1397 279 1446 num
294 1371 458 1468 sanguine
474 1374 726 1451 exsatuccntur.
764 1378 959 1468 Polypus&
971 1373 1062 1471 sepia
1075 1405 1149 1452 non
1159 1380 1235 1455 fine

190 1496 353 1566 veneno,
377 1471 435 1548 sed
451 1478 599 1570 exiguo,
634 1473 809 1550 mordent.

235 1673 326 1746 457.
346 1655 485 1730 Aculeis
502 1653 587 1728 diris
604 1653 761 1728 instrudii
775 1651 856 1726 mne
869 1652 1041 1748 gobius&
1056 1653 1230 1751 scorpius?

188 1776 344 1848 quotum
364 1753 422 1828 hic
436 1757 476 1826 in
493 1751 605 1837 dixis,
633 1755 692 1828 ilie
705 1758 744 1827 i'n
760 1757 872 1826 arenis
891 1754 1007 1848 degit,
1030 1754 1154 1830 deinde
1173 1757 1230 1832 hi:

186 1853 357 1925 rundines
380 1856 527 1936 celeres,
550 1853 770 1928 dracones&
783 1878 883 1927 canes
900 1853 980 1925 inde
1001 1856 1234 1951 centrophori

188 1953 210 2048 (
219 1953 389 2049 aculeati)
414 1953 517 2038 didi,
538 1957 600 2049 qui
622 1970 747 2028 omnes
764 1954 957 2049 pungenda
972 1977 1146 2032 venenum
1164 1962 1240 2032 im·-

188 2069 353 2126 mittunt:
437 2118 443 2133 ,

240 2241 327 2322 462.
355 2229 562 2306 Pastinamm
583 2233 615 2303 &
633 2229 788 2326 gladium
801 2249 924 2304 natura
934 2231 1140 2308 validissimo
1155 2237 1234 2310 telo·

186 2335 348 2412 muravit.
391 2330 542 2424 Xiphias
572 2329 664 2401 enim
690 2326 791 2423 supra
814 2331 986 2403 maxillam
1013 2335 1164 2408 aereum
1192 2339 1231 2408 dc

187 2449 331 2504 acutum
348 2431 501 2526 gladium
515 2432 629 2523 gerit,
663 2429 735 2521 ipso
763 2427 857 2501 ferro
880 2437 1095 2516 acutiorem,
1124 2433 1232 2526 cujus

188 2530 397 2604 horribilem
415 2553 617 2602 mucronem
637 2524 901 2624 haudquaquam
918 2529 1025 2604 durus
1036 2533 1121 2624 lapis
1133 2531 1232 2605 ferre·

189 2631 315 2725 potest.
363 2629 533 2703 Pastinaca
554 2653 637 2700 vcra
661 2629 798 2701 radium
831 2629 1036 2721 (extrema)
1060 2635 1098 2703 in
1118 2632 1231 2704 cauda·

188 2734 407 2803 eminentem
425 2727 550 2812 habet,
578 2732 612 2800 ἃ
630 2729 785 2800 validum
813 2731 845 2800 ἃ
870 2751 1053 2800 veneneno
1077 2731 1230 2803 letalem.

185 2833 369 2924 Uterque,
402 2825 471 2902 nifi
492 2852 596 2923 quem
621 2832 749 2901 vivum
765 2843 829 2900 aut
847 2846 1031 2901 murtuum'
1059 2826 1230 2920 percuiie.

186 2934 285 3019 rint,
312 2935 350 3002 in
370 2929 451 3001 cibo
472 2952 545 3001 non
563 2931 751 3022 attingunt.
794 2929 964 3000 Extincto·
984 2927 1104 3024 gladic
1123 2927 1240 3001 fimui¹

188 3035 298 3102 etiam
325 3033 558 3122 corrumpitur
584 3031 718 3110 telum,
753 3053 915 3120 armaque
943 3053 1018 3106 una
1041 3051 1126 3100 cum·
1149 3025 1234 3122 ipsu·
1265 3108 1280 3116 κ

188 3130 336 3202 domino
357 3127 645 3224 exstinguuntur²
669 3126 839 3201 &deinde
852 3150 891 3198 os
910 3145 1027 3200 manet
1041 3124 1229 3214 inefficax,
1333 3135 1338 3140 “

135 3297 138 3301 .
187 3255 305 3323 neque
327 3253 408 3300 cum
428 3253 469 3299 co
487 3225 676 3322 quidquam
694 3223 921 3319 effici'potest.
949 3227 1230 3322 Radicpast'ina.

188 3355 239 3402 cac
259 3328 351 3400 nihii
369 3329 613 3411 execrabilius,
651 3331 779 3420 quippe
795 3327 896 3419 cujus
915 3350 1051 3400 veneno
1070 3327 1236 3403 mortifev·

188 3454 307 3522 raeque
324 3431 361 3500 vi
374 3425 550 3502 Persarum
568 3445 736 3499 venenata
754 3429 825 3499 tela
837 3426 987 3499 cedunt:
1014 3432 1232 3520 quimortua

188 3534 296 3603 etiam
313 3527 481 3620 pastinaca
497 3531 589 3614 vires
609 3525 685 3601 fuas
706 3524 836 3608 servat,
865 3549 1043 3618 quas-non
1059 3525 1231 3602 solum‘in*

186 3633 402 3711 animantes,
429 3626 485 3700 sed
505 3632 609 3700 etiam
624 3631 664 3699 in
675 3624 772 3706 srrxa,
793 3623 922 3696 herbas·
940 3625 1172 3724 arboresque,
1191 3631 1227 3701 δε

188 3731 629 3825 quaecunquecomigcrit,
655 3728 775 3797 exerit.
813 3726 848 3798 Si
876 3726 954 3817 quis
976 3725 1068 3795 enim
1083 3749 1171 3796 eum·
1187 3731 1232 3800 in

186 3827 365 3902 radicibus
383 3847 519 3922 vegetae
539 3828 758 3918 virentisque
775 3823 919 3897 arboris·
932 3820 1117 3908 defixerit,
1150 3850 1233 3908 nnn·

186 3931 302 4003 multo
319 3928 396 4022 post
413 3929 544 4000 amittit
556 3924 661 4009 folia,
683 3922 809 3995 deinde
826 3942 899 3996 tota
911 3921 1075 3996 exarescit
1093 3927 1125 3996 dc
1144 3949 1227 3996 conc

185 4027 343 4106 tabescit.
379 4029 486 4100 Hunc
501 4024 628 4100 scilicet
651 4030 752 4098 Circe
777 4021 933 4096 venefica
950 4021 1025 4094 filio
1046 4023 1235 4114 Telegono

185 4128 304 4203 hastili
321 4125 576 4229 praefigendum
595 4125 710 4208 dedit,
745 4142 845 4196 uteo
864 4126 903 4194 in
922 4121 1035 4193 hostes
1051 4137 1221 4194 uteretur.

181 4233 221 4306 Is
242 4251 424 4301 verorum
443 4225 488 4298 ad
506 4222 652 4299 insulam
671 4228 781 4315 capris
803 4219 1001 4294 foecundam
1027 4217 1238 4312 appulifi'et,‘

187 4333 221 4405 dc
239 4352 361 4425 greges
372 4328 642 4418 depraedaretur,
663 4323 937 4414 iniciuspntrem
948 4317 1047 4390 fuum
1056 4314 1241 4410 Vlyffem,;

186 4425 513 4526 quem·quaerebat,.
535 4429 568 4499 ἃ
588 4425 637 4496 ad·
653 4449 757 4517 quem
781 4443 900 4517 greges
919 4419 971 4490 iili
989 4418 1231 4512 pertinebanq,

185 4527 401 4608 defendendi
416 4523 513 4605 eausa
530 4541 786 4611 accurrentem,
800 4545 884 4699 §ng
903 4521 975 4713 igin
993 4515 1135 4616 occidis
1178 4633 1182 4638 Ι
