3175 5434
93 734 100 747 ·
189 698 277 771 Ιγάμον
295 698 445 773 tellao&
458 702 523 779 κρέξ.
545 702 654 769 Avoce
667 703 750 779 βῦξειν
765 706 805 768 est
817 723 930 770 nomen
947 705 1018 783 etta
1031 709 1233 790 probubone,

189 781 575 929 villermum
593 790 1136 935 re

612 913 619 927 .
693 912 700 927 .
1099 894 1131 935 ra
1154 895 1215 937 avrr

190 962 280 1020 quam
293 945 413 1007 aliunde
428 964 491 1006 non
500 947 586 1021 novi;
598 966 654 1009 nec
662 949 806 1027 Hcsytlrii
818 912 925 1012 ’litetur
937 949 981 1011 riv
995 921 1232 1029 tipaconvenit:

189 1024 262 1101 Cap.
272 1024 368 1087 XVII.
386 1024 406 1085 l.
417 1044 444 1089 2.
465 1026 607 1089 edebatur
621 1031 746 1097 uturum.
790 1026 854 1099 L8.
875 1035 926 1099 τοῖς
936 1031 1042 1107 π’]ίρυξι.
1083 1032 1166 1102 blo.
1184 1037 1235 1105 ἒξε·

188 1107 256 1165 deas
279 1106 430 1183 Windiog
447 1108 670 1185 interpretatur:
704 1127 781 1191 quos
803 1111 966 1173 extendere
988 1129 1121 1176 norunt:
1153 1116 1235 1180 GES-

186 1200 304 1247 Nunus
319 1205 390 1247 vero
408 1206 437 1265 p.
460 1206 526 1265 513.
548 1191 713 1268 retrorsum
734 1193 813 1249 enirn
830 1191 925 1269 pedes
939 1196 1103 1257 extendere
1111 1195 1231 1275 solent.

185 1263 273 1343 l.17,
290 1266 407 1344 reposui
424 1265 639 1339 ἒςέξαναςῆσειε,
660 1267 712 1330 ubi
732 1269 880 1347 Windr'ng
902 1268 935 1340 ὥς
951 1272 1104 1346 ediderat,
1126 1276 1155 1337 dt
1172 1278 1234 1339 ine-

176 1357 241 1486 pte
257 1357 392 1408 verterat.
416 1348 533 1411 Ibidem
547 1350 634 1411 etiam
650 1352 760 1425 epidrrrr
776 1349 928 1417 edebatur.
970 1350 1053 1415 leo.
1073 1354 1171 1425 odviae
1180 1358 1235 1418 mi·

211 1426 413 1505 isuspettum.
436 1430 611 1493 anulrvu
629 1428 745 1508 posuit:
768 1432 905 1513 undique
923 1436 1126 1497 circumeunt:
1150 1436 1233 1509 GES-

140 1587 142 1590 .
187 1522 305 1569 munus
317 1508 444 1589 semper
465 1511 561 1572 vertit.
598 1510 715 1573 Ibidem
733 1508 904 1589 vulgabatur
920 1518 965 1572 aar
982 1515 1230 1592 εἴτε-αἴσθοιντο,

189 1588 273 1665 quod
290 1590 460 1651 emendavit
477 1592 603 1653 Brunck.
656 1590 708 1651 lin.
720 1608 768 1653 22.
793 1592 941 1669 Windr'ng
957 1592 1074 1669 perimo
1089 1597 1231 1674 prodidit.

188 1668 262 1744 Cap.
271 1668 382 1732 XVIII.
414 1669 460 1732 De
472 1670 607 1735 anserum
625 1670 740 1735 solertia
759 1669 817 1734 hac
838 1671 907 1738 vide
924 1674 1014 1738 etiam
1028 1677 1233 1741 Plutarchum

188 1747 304 1847 ppusc.
319 1748 426 1815 moral.
442 1770 474 1831 p.
488 1758 559 1829 9⁶7·

418 1912 481 1975 AD
510 1910 714 1979 LIBRUM
748 1904 999 1983 TERTIUM.

271 2045 342 2150 cip.
351 2072 376 2141 1.
395 2072 454 2137 ld.
480 2076 571 2139 Uncis
587 2074 698 2139 inclusa
709 2077 814 2152 verba,
837 2079 876 2139 ad
888 2075 1004 2140 sensum
1020 2075 1232 2143 absolvendum

185 2151 364 2229 necessaria,
387 2175 423 2217 ex
438 2157 558 2235 ingenio
574 2156 784 2237 supplevimus.
829 2157 851 2225 l.
865 2179 911 2224 rr.
937 2158 1080 2221 edebatur
1098 2158 1233 2238 reportata·

188 2249 298 2301 λονται,
323 2236 372 2297 cui
388 2234 517 2299 substitui
534 2236 758 2313 serationem
792 2239 834 2299 ita
848 2237 1007 2317 respondet
1018 2240 1129 2315 verbo,
1152 2236 1233 2318 quod

192 2314 344 2393 Wioding
359 2317 392 2377 in
401 2318 532 2379 verfione
542 2318 698 2397 posuerat,
708 2317 953 2399 prosternuntur.
998 2316 1019 2378 1.
1033 2339 1080 2395 ις,
1092 2334 1145 2397 pro
1157 2322 1234 2389 olvat

185 2396 270 2483 xoeipe
284 2392 436 2475 legebatur
450 2398 603 2474 αἰαβιοιΐον,
626 2396 706 2477 quod
722 2398 837 2460 sensum
855 2395 1045 2476 impediebat.
1089 2398 1110 2463 l.
1126 2418 1174 2476 27.
1187 2425 1235 2469 με-

186 2475 351 2546 bamuur'vur
364 2476 547 2557 vulgabatur.
575 2478 646 2541 Haec
661 2476 761 2545 omnia
774 2478 807 2539 in
821 2497 924 2539 eorum
938 2479 1058 2557 gratiam
1074 2482 1232 2555 annotavi„¹

186 2556 241 2633 qui
254 2556 443 2620 minutiarum
462 2560 556 2622 studio
573 2561 661 2621 etiam
679 2561 711 2621 in
727 2580 759 2622 re
780 2560 881 2621 critica
898 2560 1062 2635 ducuntur,
1084 2564 1112 2623 dc
1126 2559 1174 2623 vel
1191 2559 1234 2624 le·

184 2633 317 2699 viffimos
330 2658 442 2703 errores
456 2640 507 2703 nisr
520 2639 638 2721 publica
656 2637 748 2703 veluti
762 2642 919 2703 autoritate
937 2660 999 2701 non
1016 2638 1071 2703 elie
1086 2640 1233 2719 corrigen-

186 2717 244 2778 dos
258 2718 433 2786 existimant.
515 2722 585 2800 Cap.
598 2720 636 2785 Π.
655 2720 675 2782 l.
686 2738 715 2787 2.
735 2727 918 2797 reparantur.
942 2720 988 2781 De
1005 2720 1051 2781 his
1065 2723 1156 2783 liutor
1170 2707 1234 2803 Ky³

182 2801 335 2861 ronidum
347 2802 427 2880 apud
446 2802 608 2881 Gesnerum
623 2820 767 2881 pag.235.
795 2803 900 2876 Zeno,
924 2800 1014 2879 idest
1034 2807 1105 2864 ovis
1120 2804 1231 2877 Joois,

186 2898 284 2960 quom
305 2882 398 2943 Greci
411 2898 527 2945 vocant
546 2882 786 2961 astragoleam,
811 2902 864 2944 nos
886 2900 961 2943 vero
983 2882 1155 2943 carduelem
1172 2884 1231 2944 dte.

185 2958 396 3039 Astrolinom,
419 2964 448 3024 a
467 2962 673 3041 Ajlrogoltom
696 2963 907 3025 illnr‘rnffius
925 2962 1148 3033 Svrvurucus
1173 2982 1233 3024 car-

186 3039 302 3102 dellam
315 3040 364 3105 vel
375 3040 557 3104 carduellum
574 3062 658 3105 avem
674 3044 899 3122 interpretatur,
918 3054 1077 3119 utrumque
1093 3056 1234 3121 corrupte

184 3139 244 3199 pro
267 3120 473 3200 ostrogolino,
503 3137 539 3185 ut
560 3125 676 3185 monuit
703 3124 868 3203 peslerus,
898 3122 947 3183 cui
968 3136 1069 3185 tamen
1095 3126 1237 3204 oppmni

186 3202 361 3277 οἶςρκγαλΐνω
383 3202 503 3277 diversi,
525 3208 553 3265 tit
575 3204 731 3283 pafferibus
755 3202 970 3264 annumerandi
992 3203 1150 3279 videntur;
1180 3202 1234 3265 sed

185 3282 246 3344 hac
264 3284 296 3343 in
310 3303 358 3358 re,
380 3282 538 3358 cumlnihil
557 3282 757 3363 descriptionis
777 3283 894 3345 dederit
908 3284 1087 3364 Oppianus,
1111 3284 1234 3347 definire

184 3362 300 3440 aliquid
317 3367 504 3429 temerarium
519 3365 592 3427 mihi
604 3364 730 3428 videtur.
753 3369 937 3435 neormam,
959 3383 1024 3443 quae
1037 3364 1069 3431 h.
1091 3364 1113 3433 l
1131 3367 1235 3428 dicun-

184 3456 237 3506 tur
250 3462 335 3519 avet,
357 3446 546 3509 vetustiorum
564 3464 724 3527 graecorum
741 3443 981 3531 dearmatum,
1004 3458 1038 3507 ut
1051 3459 1155 3508 monet
1168 3445 1235 3507 Pol·

184 3523 240 3585 lux
249 3524 300 3586 Vl.
312 3542 358 3600 52.
375 3526 516 3597 οἶμπελίδες
530 3525 563 3598 rie
578 3530 619 3588 νῦν
635 3526 921 3597 deuteteronomio.
944 3525 1098 3587 Vetustior'i
1111 3527 1234 3589 nomine

186 3618 353 3668 occurrunt
366 3608 446 3686 apud
463 3606 680 3687 Aristophanem
694 3608 726 3667 in
741 3607 848 3669 Avibus
870 3601 941 3666 vers.
962 3622 1031 3683 305.
1054 3640 1082 3649 -
1105 3604 1232 3669 Bellen.

189 3686 340 3767 (ἔφανας
354 3687 392 3751 H.
401 3688 434 3749 A.
448 3707 514 3766 233.
532 3692 601 3767 &p
617 3708 684 3763 594.
706 3706 772 3763 595.
799 3705 837 3747 err
851 3697 952 3763 etymo
968 3686 1096 3747 nominis
1111 3687 1235 3763 conficit

167 3819 170 3824 .
185 3786 282 3847 genus
304 3766 360 3831 effe
383 3768 554 3839 motacillae,
576 3766 668 3831 srmile
682 3766 730 3829 vel
742 3766 823 3828 idem
848 3784 918 3827 curn
933 3785 968 3827 ea
982 3786 1053 3837 ave,
1076 3787 1165 3846 quam
1182 3768 1235 3829 rir-¹

89 3844 92 3858 '
185 3848 406 3926 gentoratenles
424 3846 586 3921 (eiecticia
601 3860 720 3912 vocant.
742 3847 862 3924 ,Eadem
878 3847 993 3911 ratione
1010 3852 1123 3915 niden&
1143 3849 1234 3911 etiam

184 3930 270 4008 apud
287 3929 470 4011 Hesyrlrium
491 3934 611 3997 eunome
627 3930 704 3991 dieta
714 3930 835 3992 videtur
853 3930 894 3989 Ge
910 3948 1001 4003 nero,
1024 3930 1164 4007 quoniam
1190 3946 1234 3990 ar-

185 4022 291 4073 menta
309 4008 474 4073 muscarum
490 4010 574 4074 causa
589 4023 668 4073 amat
690 4012 883 4072 &circumvo
897 4010 956 4072 ‘tat
996 4008 1043 4071 De
1056 4009 1174 4088 reliquis
1193 4028 1234 4071 ne

187 4093 390 4171 coniecturam
405 4092 525 4171 quidem
538 4092 637 4157 facere
651 4090 737 4153 libuit
762 4091 909 4170 Gesnero‚
942 4088 994 4151 nili
1015 4091 1096 4168 quod
1115 4110 1145 4167 p.
1163 4103 1233 4167 235.

186 4174 315 4255 astcrem
332 4174 468 4255 Oppiani
488 4172 656 4236 carduelem
674 4168 730 4235 elle
744 4170 918 4249 suspicetur3
941 4182 972 4235 at
988 4190 1018 4249 p.
1032 4180 1099 4244 568.
1119 4169 1236 4232 dubitat

185 4274 227 4329 an
240 4254 277 4319 fit
291 4252 395 4315 linaria
409 4253 504 4317 rubra.
527 4253 573 4316 De
590 4254 713 4315 nomine
727 4250 811 4322 Σῶδές
828 4268 933 4313 vereor
945 4249 1091 4312 utsanum
1108 4250 1152 4311 fit
1211 4266 1215 4272 ’

191 4330 195 4369 ’·
269 4336 343 4413 Cap.
355 4334 409 4402 ΠΙ.
432 4332 452 4397 l.
467 4353 494 4413 7.
514 4334 655 4399 edebatur
671 4332 822 4411 χρήσαντες.
846 4330 950 4410 Capite
966 4328 1097 4410 sequenti
1110 4329 1131 4389 l.
1146 4350 1174 4393 ι.
1186 4326 1236 4389 ltr-

186 4416 234 4497 ἓρῳ
251 4436 307 4496 pro
320 4414 440 4493 vulgato
458 4414 553 4493 δένδρων
575 4414 699 4496 reposui.
784 4412 854 4490 Cap.
865 4410 901 4472 V.
922 4410 1014 4473 ‘Initio
1031 4412 1129 4473 editio
1145 4408 1237 4473 habet

185 4504 232 4561 ael
245 4497 299 4568 μιίν
311 4496 441 4571 drabo,
462 4498 542 4573 quod
562 4502 665 4571 reite,
686 4494 707 4554 fi
723 4494 793 4573 quid
820 4511 875 4571 ego
889 4490 995 4585 bacin
1017 4512 1049 4554 re
1068 4490 1233 4570 perspicio,

185 4582 312 4647 Brunok
325 4577 503 4663 emendavit.
545 4576 598 4647 lin.
617 4598 648 4654 a,
671 4574 814 4641 edebatur
840 4571 1235 4717 perpluere-plaiano,

871 4672 903 4717 rr
