3175 5434
383 479 463 562 228
723 483 1085 552 OPPIANI

386 620 488 697 deus,
519 609 625 686 habes
641 610 767 704 ignitas
782 609 941 706 sagittas,
969 633 1118 692 amaras,
1140 607 1312 693 servidas,
1330 634 1433 682 rnen-

384 723 430 790 cis
446 715 697 810 corruptrices,
723 713 988 801 simulatrices,
1015 711 1130 784 tabern
1151 711 1344 804 spirantes,
1374 715 1432 781 in.

386 816 553 888 sanabiles
568 867 578 899 ,
606 812 734 904 quibus
755 815 858 884 etiam
873 809 960 906 ipsas
978 811 1099 883 bestias
1116 812 1295 886 concitasti
1314 810 1360 882 ad
1373 835 1432 903 pe·

388 919 547 1010 regrinos
565 933 709 984 amores.

400 1133 523 1216 2426.
557 1123 773 1216 Stupendunr
788 1122 856 1210 est,
881 1121 1022 1216 quando
1043 1124 1216 1215 cornigeri
1230 1124 1326 1192 cervi
1344 1146 1432 1214 pen.

391 1229 465 1296 nati
477 1242 652 1316 attagenes
667 1226 771 1316 tergis
786 1221 965 1296 maculolis
978 1219 1157 1304 insiliunt,
1182 1239 1243 1294 aut
1262 1223 1433 1314 capreolis

391 1325 545 1416 perdices
570 1324 638 1393 alas
666 1321 784 1394 denras
804 1323 998 1414 injicientes
1016 1319 1175 1394 sudorem
1196 1319 1430 1414 refrigerant,

393 1429 426 1495 dc
452 1441 607 1497 recreant
633 1426 788 1494 animum
814 1425 858 1493 ab
886 1423 967 1494 aestu
997 1440 1152 1493 torrente
1181 1427 1320 1517 agitatis
1343 1423 1431 1495 alis:
1504 1514 1505 1517 Ἴ

392 1540 453 1594 aut
472 1522 611 1616 quando
631 1527 739 1598 anteit
762 1519 960 1614 sonipedem
987 1547 1116 1615 equum
1144 1527 1211 1594 otis
1232 1522 1354 1592 labens
1373 1544 1432 1614 per

393 1634 505 1694 ae'rem
516 1619 689 1693 amabilis:
709 1641 768 1692 aut
777 1618 864 1715 sargi
874 1622 916 1692 ad
925 1645 1102 1713 caprarum
1112 1647 1230 1715 greges
1241 1623 1449 1717 accedente¹

393 1739 473 1808 ente
498 1721 582 1794 vero
605 1717 730 1792 subum
754 1745 863 1814 genus
886 1745 989 1792 omne
1010 1718 1154 1814 piscium
1182 1722 1433 1815 vagabundum

394 1823 527 1916 stupet,
555 1815 794 1913 &sequuntur
810 1816 909 1893 simul
920 1843 1060 1902 omnes,
1085 1822 1224 1914 quande
1243 1845 1304 1914 per
1320 1819 1439 1893 saevos¹

397 1921 521 2000 fludlus
543 1918 665 1992 tendit.
702 1917 967 1991 condensantur
987 1925 1152 2012 utrinque
1169 1923 1262 1992 laeti:
1300 1925 1433 1993 circum
1491 1953 1505 1963 -κ

395 2040 514 2095 autem
533 2016 954 2112 marespumat,candidis
975 2022 1192 2092 verberatum
1206 2024 1336 2113 pinnis.
1363 2021 1434 2091 Ve·
1504 2018 1505 2065 ³

398 2145 477 2194 rum
499 2117 557 2190 ille
579 2142 653 2190 non
672 2141 795 2189 curans
816 2121 962 2192 alienam
979 2124 1165 2191 amicitiam
1188 2126 1335 2213 impius,
1365 2145 1433 2192 ma-

395 2223 493 2292 rinos
511 2216 621 2290 socios
640 2237 740 2291 vorat
752 2242 812 2288 ore
823 2240 967 2292 cruento
980 2219 1146 2291 mandens
1162 2248 1172 2290 ε
1199 2223 1433 2293 atilli'necem
1504 2254 1505 2313 y

399 2322 509 2392 oculis
528 2336 718 2406 cernentes,
735 2343 778 2388 ne
797 2316 842 2392 stc
858 2321 998 2412 quidem
1014 2319 1175 2402 oderunt,
1199 2333 1313 2415 neque
1331 2324 1432 2392 relin-
1504 2348 1505 2365 l

400 2435 516 2514 quunt
532 2416 798 2495 interfectorem.
844 2420 935 2493 Sube
956 2419 1135 2513 improbe,
1157 2419 1308 2504 nefarie,
1331 2426 1431 2493 etiam

399 2518 462 2614 ipsi
481 2519 544 2590 tibi
562 2518 676 2612 postea
694 2521 867 2591 marinum
885 2537 1066 2592 venatores
1087 2521 1257 2611 parabunt
1273 2527 1431 2604 exitium,
1504 2542 1505 2619 ξ

367 2715 369 2724 Ι
400 2623 627 2716 quantumvis
642 2617 760 2692 doloso
782 2623 814 2693 er
834 2617 979 2713 piscium
995 2617 1220 2693 interfectori.

450 2837 535 2912 445·
580 2817 637 2894 Est
660 2836 775 2891 autem
800 2819 956 2913 quaedam
975 2817 1150 2911 sylvarum
1167 2821 1300 2900 incola,
1324 2819 1429 2890 acutis

401 2920 567 2992 cornibus
586 2917 676 3002 sera,
699 2915 809 2990 favars
832 2944 941 3006 oryx,
974 2917 1212 2994 formidandus
1232 2922 1348 2992 bestiis
1366 2943 1429 2989 ma·

400 3021 504 3092 xime.
547 3019 658 3110 Hujus
675 3017 770 3089 color
787 3020 929 3109 quidem
947 3039 1112 3114 tanquam
1128 3025 1228 3094 verni
1247 3024 1362 3107 laslis,
1383 3015 1429 3088 so·
1503 3046 1504 3084 t

401 3120 444 3190 lis
460 3121 498 3189 in
509 3114 599 3188 facie
611 3121 862 3210 nigricantibus
874 3121 984 3214 genis.
1013 3123 1153 3215 Duplex
1171 3142 1287 3194 autern
1303 3123 1335 3190 ei
1344 3141 1427 3213 pone

404 3215 565 3297 dorsum,
595 3220 748 3309 opimum
765 3218 889 3311 adipe:
919 3223 1012 3292 acuti
1038 3246 1147 3314 porto,
1168 3245 1341 3296 cornuum
1367 3220 1427 3290 alte

403 3319 604 3410 prominent
621 3323 922 3399 mucronesltetri,
937 3323 1029 3414 nigri
1046 3319 1175 3414 specie,
1197 3327 1259 3416 qui
1277 3345 1344 3394 aere
1357 3344 1427 3392 acu-

403 3434 459 3498 to,
485 3412 647 3508 ferroque
664 3422 794 3500 atroci,
819 3417 968 3510 saxoque
985 3420 1074 3492 duro
1085 3422 1264 3514 praestant,
1287 3428 1435 3492 venena-⁴

1502 3306 1504 3427 l

404 3519 441 3588 ti.
474 3540 668 3588 sanavero
698 3538 974 3592 cornuanatura
1008 3518 1204 3616 elseajunt.
1264 3521 1331 3595 Sed
1362 3521 1447 3593 ani-¹
1503 3540 1504 3601 ᾖ

404 3640 482 3688 mus
500 3611 615 3688 rursus
636 3619 804 3710 orygibus
817 3621 928 3691 audax
951 3623 1172 3696 &immanis
1207 3626 1426 3715 nequeenim
1502 3630 1503 3645 ¹

405 3713 530 3807 sagacis
551 3721 643 3788 canis
659 3713 848 3792 formidant
867 3724 1045 3804 latratum,
1073 3749 1146 3795 non
1162 3719 1227 3796 suis
1246 3722 1312 3794 feri
1322 3725 1361 3793 in
1377 3745 1426 3793 ru·

406 3816 510 3909 pibus
529 3812 728 3898 fremitum,
763 3845 876 3913 neque
894 3844 979 3891 vero
999 3826 1089 3894 tauri
1107 3818 1240 3896 vallum
1262 3826 1425 3915 mugitum
1502 3854 1503 3905 l

406 3918 561 3987 timent:
606 3915 852 4009 pantherarum
876 3944 1000 3992 vocem
1024 3923 1155 3996 tristem
1178 3949 1253 3995 non
1278 3922 1423 4002 horrent,
1502 3908 1503 3985 Ὗ

406 4039 522 4108 neque
547 4013 651 4107 ipsius
672 4013 814 4110 fugiunt
841 4022 1018 4113 ingentem
1039 4026 1193 4116 rugitum
1215 4024 1350 4103 leonis,
1374 4047 1425 4092 ne.
1502 4056 1503 4073 π

407 4141 475 4209 que
493 4119 654 4188 mortales
674 4137 797 4188 curant
816 4142 884 4208 prae
908 4120 1047 4194 audacia
1065 4126 1184 4194 animi
1220 4126 1426 4215 Saepenume·

1502 3652 1503 3693 l

1502 3700 1503 3763 l

1501 3774 1503 3845 l

1502 3994 1503 4043 l

1502 4136 1503 4219 l

405 4239 448 4288 10
469 4219 561 4286 enim
588 4220 626 4287 in
645 4216 736 4309 jugis
758 4221 860 4309 periit
886 4220 1046 4293 robustus
1072 4225 1127 4294 vir
1152 4244 1321 4303 venator,
1356 4244 1428 4294 cum
1502 4230 1503 4277 i

405 4317 576 4407 orygibus
597 4320 748 4388 cruentis
767 4317 973 4413 congressus.
1004 4322 1155 4411 Qtando
1176 4342 1294 4394 autem
1309 4321 1427 4398 viderit

411 4436 499 4504 oryx
518 4413 702 4493 animosam
718 4413 846 4503 feram,
877 4439 938 4496 aut
959 4446 1082 4516 aprum
1102 4426 1227 4499 exertis
1253 4422 1426 4508 dentibus,
