3175 5434
423 638 426 642 .
563 543 885 615 PRAEFnT'ro.
1203 560 1243 645 ,γ

129 725 133 732 «
201 682 360 744 verborum
374 679 641 756 sententiarumque
654 677 819 740 imitatione
836 678 1022 756 exprimeret
1044 681 1244 772 Quaquidem

76 797 77 848 ἐ
201 789 279 848 inre
294 785 436 865 quicquid
450 786 539 847 etiarn
554 783 728 857 tentaverit,
750 793 872 861 apparet
881 796 982 868 tamen
988 782 1038 846 uel
1052 783 1091 848 lic
1106 799 1241 872 autorem

76 897 77 973 ὲ
157 925 159 927 -
201 891 239 950 ad
252 891 331 951 hanc
354 889 493 950 carminis
514 907 633 966 operam
650 887 789 965 exiguum
806 885 914 964 linguae
935 908 1035 966 graecae
1059 888 1255 974 eimedi·-

76 1069 77 1072 ,
144 1057 147 1059 ,
200 995 288 1055 cendi
297 1013 369 1056 vero
384 989 593 1070 cogitationem
608 1011 685 1069 pene
696 989 809 1053 nullam
825 989 960 1057 atmliffe.
1003 990 1114 1055 Habuit
1127 995 1240 1082 ingenii

198 1100 272 1160 vires
290 1097 341 1158 ille
357 1097 493 1174 quidem,
515 1095 566 1158 sed
585 1096 750 1174 agrestes&
769 1093 921 1170 horridas,
950 1094 1010 1159 fine
1026 1098 1121 1160 nitme
1142 1102 1171 1160 dt
1186 1119 1239 1184 pa,¹
1258 1092 1261 1113 '

197 1200 295 1266 lastra.
351 1200 485 1277 Qnodfi
515 1200 591 1260 sorte
615 1201 678 1276 quis
707 1199 927 1274 existimaverit,
964 1199 1077 1278 abipso
1097 1202 1236 1282 oppiano

76 1324 77 1398 ζ
196 1305 288 1367 Cilice
303 1305 414 1382 primas
428 1303 519 1364 lineas
535 1305 669 1364 carminis
695 1304 732 1366 de
750 1303 915 1366 Venatione
933 1304 1055 1379 dutiae,
1080 1308 1109 1368 dt
1123 1304 1238 1387 summa

192 1428 292 1469 rerum
306 1410 405 1484 capita
418 1420 534 1469 tanturn
545 1408 717 1468 admnbrata
738 1407 840 1484 fuiise;
863 1408 972 1472 deinde
992 1427 1062 1470 vero
1076 1408 1237 1476 successtile

75 1495 80 1527 r
192 1511 294 1572 nescio
312 1529 404 1589 quem
419 1511 604 1589 scriptorem,
628 1511 678 1588 qui
701 1512 876 1589 interruptas
890 1513 986 1590 operis
1014 1511 1112 1590 partes
1135 1530 1237 1578 conte·

76 1628 90 1646 ¹·
191 1617 310 1688 ruerit,
335 1619 500 1678 &carmen
519 1614 697 1676 inchoatum·
714 1613 887 1689 absolverit;
913 1627 978 1677 mm
999 1635 1071 1678 vero
1097 1620 1236 1695 equidem

75 1763 76 1766 ,
191 1719 282 1798 plane
297 1739 361 1781 non
379 1717 531 1798 intelligo,
554 1719 626 1796 quid
642 1717 798 1782 hommem
817 1718 901 1780 istum
921 1718 1089 1798 impudent,
1104 1735 1156 1785 aut
1169 1743 1236 1805 quae

75 1826 77 1902 ᾗ
191 1836 274 1885 tanta
290 1826 323 1886 in
340 1839 376 1886 eo
387 1823 480 1900 suerit
498 1825 627 1895 incuria,
650 1836 685 1884 ut
704 1823 889 1886 mentionem
903 1824 1038 1900 Apameae
1059 1827 1159 1902 patria
1175 1826 1233 1910 suap

75 1908 81 1962 l
172 1928 350 2006 peregrino
364 1940 560 1990 monumento
570 1926 725 2002 irasereret,
744 1941 832 2006 atque
845 1928 886 1988 ita
901 1926 1011 1991 edendi
1022 1927 1121 1989 officio
1142 1929 1233 2008 suspi-

76 2010 79 2096 ,Ι
191 2032 311 2092 cionem
325 2031 530 2093 fraudulentiae
545 2031 727 2110 adjungeret.

190 2161 194 2168 ·
272 2133 318 2195 De
335 2135 447 2195 rlutore
469 2133 611 2198 librorum
629 2136 667 2196 de
679 2135 815 2214 Aucupio
826 2133 893 2196 satis
909 2154 929 2195 a
940 2153 989 2196 me
1003 2089 1232 2221 disputatumeii

77 2253 82 2322 ς
189 2237 222 2298 in
239 2236 299 2300 fine
314 2239 540 2300 annotationum
558 2239 597 2300 ad
618 2239 804 2318 Paraphrasm
819 2241 962 2303 Eurecnii
985 2238 1034 2300 uel
1050 2239 1122 2302 aliua
1136 2243 1230 2318 cujus·

79 2381 80 2428 3
186 2344 261 2410 ,dam
276 2343 442 2420 scriptoris,
463 2362 552 2420 quern
570 2363 651 2420 aque
668 2355 755 2435 atque
772 2341 896 2404 alterum
917 2341 1001 2402 illum
1015 2345 1127 2420 ignoro.
1171 2345 1242 2408 Hic·

188 2465 261 2508 vero
284 2447 446 2508 dicendum
467 2445 578 2525 aliquid
592 2447 709 2510 uidetur
732 2449 769 2508 de
800 2448 952 2522 magno&
965 2445 1124 2508 multifario
1141 2447 1231 2531 hujus

80 2563 91 2612 Γ
189 2549 324 2628 opusculi
337 2549 391 2612 usu
405 2551 444 2612 ad
457 2551 605 2614 hitiorbm
616 2551 736 2624 adum,
747 2547 864 2626 qualem
878 2569 896 2609 a
911 2549 1027 2612 venustis
1040 2550 1229 2635 scriptoribus

80 2633 82 2701 ]
186 2653 328 2715 traditam
343 2653 506 2731 habemus,
527 2655 733 2718 illustrandam.
777 2653 882 2730 Neque
900 2654 980 2714 enim
993 2654 1088 2714 solum
1100 2653 1228 2740 intelligi
1340 2689 1344 2695 ·

187 2757 284 2836 potest
294 2777 332 2820 ex
343 2779 399 2844 eo,
423 2760 494 2838 quid
507 2759 596 2822 serior
609 2772 675 2820 aetas
688 2757 816 2830 inventis
836 2754 1020 2819 Aristotelicis
1038 2757 1226 2834 adstruxerit,

81 2853 82 2856 '
189 2881 248 2938 quo
263 2865 291 2924 ἃ
307 2881 396 2940 quam
411 2865 491 2924 vario
505 2864 596 2924 modu
611 2862 805 2925 viriduc‘tiin
820 2859 883 2938 ipsa
895 2860 1007 2926 Grada
1024 2859 1226 2938 natiplutima

82 2988 86 2997 .
185 2965 295 3030 summi
314 2967 482 3046 Philosophi
503 2967 573 3030 loca
591 2966 774 3030 librariorum
798 2966 963 3046 ignorantia
989 2977 1146 3042 corrupta,
1175 2977 1227 3029 aut

81 3109 84 3136 ,ι
189 3073 271 3134 dubii
301 3075 329 3134 ἃ
355 3071 483 3150 ambigui
513 3071 610 3134 sensus
634 3071 816 3149 interpretati
839 3070 916 3145 fine,
950 3069 1001 3132 sed
1022 3068 1226 3148 cognoscimus

81 3177 82 3230 ἶ
188 3177 277 3262 etiarn
290 3177 363 3238 inde
376 3195 513 3254 magnam
527 3178 681 3238 nominum
696 3177 885 3248 uarietatem,
905 3175 938 3234 in
953 3173 1056 3250 quibus
1067 3172 1135 3235 sunt
1149 3193 1226 3258 quaa-

81 3299 88 3361 '1
189 3281 257 3341 dam
274 3279 361 3342 variis
377 3279 546 3358 regionibus
566 3277 736 3356 populisque
750 3278 928 3357 peculiaria,
950 3277 1007 3339 alia
1017 3275 1100 3354 lapsu
1107 3290 1223 3355 tempo.

187 3385 225 3444 ris
245 3381 431 3465 &loquendi
448 3381 501 3445 usu
519 3384 673 3444 immutata
687 3395 774 3459 atque
784 3383 932 3447 innovata.
975 3380 1125 3442 Habemus
1143 3381 1227 3442 dein-

191 3488 227 3548 de
240 3488 272 3548 in
288 3487 355 3564 ipsis
367 3485 413 3548 his
424 3485 718 3564 Ixeuticis'exempla
739 3488 920 3559 nominum,
953 3482 1045 3547 veluti
1068 3482 1221 3560 Pelecini,

80 3621 81 3636 π
188 3591 265 3652 sorte
290 3593 379 3652 etiam
400 3591 525 3664 Otidis,
559 3611 620 3666 quar
637 3611 654 3652 a
671 3611 778 3670 genere
805 3589 858 3652 suo
878 3589 916 3654 ad
934 3587 1063 3675 alienum
1088 3586 1224 3665 populari

80 3759 81 3784 ¹
189 3713 286 3756 errore
302 3695 445 3769 tradedit,
462 3693 625 3758 uniuersam
639 3697 675 3756 de
691 3709 795 3758 natura
811 3695 909 3755 avium
921 3692 1084 3754 doetrinam
1099 3690 1223 3754 mirifice

79 3884 81 3896 ¹
189 3798 411 3859 conturbarunt.
433 3799 564 3877 Apparet
574 3799 716 3876 denique,
729 3811 872 3876 quantum
885 3816 1030 3874 quamque
1040 3815 1150 3858 uanum
1159 3795 1224 3858 sue-

80 3908 81 3971 l
186 3903 224 3964 rit
240 3904 323 3963 omni
342 3921 404 3964 aevo
423 3903 580 3966 hominum
594 3903 738 3976 studium,
758 3923 817 3979 quo
835 3903 953 3975 omnia,
963 3920 1026 3978 quae
1040 3899 1086 3961 vel
1108 3889 1224 3960 ab'llri-

79 4063 80 4098 ἦ
183 4005 304 4080 sintela,
328 4005 424 4068 velab
439 4005 502 4067 aliie
515 4008 710 4069 denatura&
726 4007 855 4070 moribus
864 4005 988 4069 universi
996 4004 1110 4081 generis
1118 4001 1222 4084 alitum

79 4123 83 4182 l
188 4109 296 4172 curiose
320 4101 459 4187 quidem,
481 4109 533 4171 sed
548 4129 612 4172 non
624 4109 739 4188 semper
755 4132 824 4173 vere
848 4111 998 4174 observata
1016 4108 1151 4180 fuerant,
1182 4106 1222 4190 ad

79 4206 88 4320 ζ’
180 4211 408 4274 smilitudinem
430 4213 629 4276 humanorum
651 4213 861 4290 consiliorum,
882 4218 911 4277 dc
925 4212 1088 4292 prudentiae
1112 4221 1223 4271 certam
1319 4214 1323 4219 '

181 4317 329 4390 rationem
348 4315 470 4379 defimta
483 4317 658 4380 referebant.
692 4319 786 4396 Atque
806 4321 843 4380 ab
860 4320 920 4379 hoc
933 4317 1016 4377 fonte
1030 4312 1079 4376 vel
1093 4315 1221 4389 maxime

182 4419 367 4496 promanasse
385 4421 464 4482 inihi
480 4421 598 4482 uidetur
610 4419 662 4482 illa
674 4423 712 4483 de
728 4422 897 4482 hominibus
914 4419 986 4480 olim
1000 4419 1032 4508 in
1046 4437 1113 4479 aves
1130 4415 1220 4498 trans·

79 4521 98 4562 ³-
182 4525 309 4593 auara
324 4509 462 4592 racana
473 4523 596 4604 opino,
615 4543 708 4604 quaa
726 4525 835 4590 aenae
856 4522 1009 4604 arrapna
1026 4522 1223 4602 auspicatum

826 4627 904 4708 lte
