3175 5434
317 609 321 616 ,
412 524 507 606 226
764 529 1116 598 OPPIANI

475 684 555 758 343.
578 661 711 738 Mirum
723 679 839 736 autem
854 665 893 734 in
907 659 1051 733 modum
1068 676 1177 732 mater
1191 674 1333 736 teneros
1352 654 1455 733 adbuc

419 761 571 836 insontes
589 759 668 834 suos
688 762 817 834 liberos
840 758 958 834 fovet:
995 762 1034 830 in
1054 756 1228 831 senectute
1253 777 1372 862 autem
1396 783 1456 831 ma·

422 869 511 933 trem
533 864 643 934 liberi.
672 864 722 935 'Ut
743 883 862 934 autem
878 861 1038 932 homines
1058 878 1235 952 parentem
1256 861 1455 950 impeditum

422 963 591 1054 improbis
612 959 797 1034 serietiutis
814 964 983 1040 vinculis,
1011 959 1156 1050 pedibus
1175 982 1338 1054 gravem,
1373 977 1455 1031 artu-

418 1057 486 1132 bus
501 1063 712 1141 incurvum,
739 1061 955 1133 imbecillum
973 1058 1153 1145 manibus,
1177 1059 1369 1130 tremulum
1388 1083 1454 1130 cor.

417 1183 524 1252 pore,
553 1161 662 1233 oculis
681 1159 911 1254 caligantem,
946 1162 1045 1230 omni
1064 1163 1189 1251 pietate
1214 1155 1451 1251 prosequentes

377 1283 382 1292 ·
416 1259 601 1352 diligenter
619 1259 759 1342 colunt,
788 1258 967 1352 pensantes
984 1257 1139 1330 laborem
1152 1257 1368 1330 educationis
1386 1285 1451 1330 mo-

324 1423 328 1428 .
416 1359 528 1430 lestae:
561 1356 607 1434 fic
625 1383 805 1451 caprarum
822 1357 928 1432 foetus
952 1382 1049 1430 caros
1072 1357 1197 1430 fovent
1220 1378 1385 1450 parentes
1404 1361 1452 1430 de

419 1461 591 1552 crepitos‚
620 1484 698 1531 cum
716 1462 856 1532 vincula
870 1460 978 1532 tristia
998 1478 1093 1530 artus
1111 1458 1264 1551 illigant:
1293 1459 1451 1551 pabulum

414 1584 538 1651 nempe
557 1562 741 1652 porrigunt
763 1556 939 1632 roscidum
965 1557 1128 1630 floridum
1150 1559 1354 1650 decerptum
1380 1585 1449 1639 ore,

414 1679 608 1754 potumque
631 1661 736 1732 labris
764 1657 907 1747 summis
937 1683 980 1730 ex
1001 1659 1143 1731 flumine
1160 1657 1303 1740 ferunt,
1340 1659 1450 1731 hausta

415 1777 489 1832 atra
506 1783 605 1854 aqua.
633 1761 767 1854 Lingua
784 1779 900 1832 autem
926 1755 1085 1830 foventes
1104 1777 1220 1830 totum
1239 1784 1366 1852 corpus
1390 1779 1450 1830 ter-

412 1877 514 1954 gunt.
555 1859 703 1950 Quodsi
725 1861 856 1952 laqueis
878 1857 985 1935 solam
1002 1877 1149 1930 matrem
1170 1864 1324 1952 ceperis,
1354 1862 1451 1952 proti·

413 1983 482 2032 nus
500 1963 603 2031 etiam
620 1959 780 2032 manibus
798 1963 929 2052 ceperis
945 1976 1082 2030 teneros
1100 1984 1219 2053 agnos.
1251 1960 1352 2032 Illam
1367 1964 1452 2030 enim

413 2075 514 2152 putes
543 2059 670 2132 liberos
700 2061 817 2131 verbis
842 2061 980 2152 abigere
1005 2075 1201 2151 precantem
1229 2063 1289 2131 tali
1322 2063 1450 2130 eminus

414 2157 551 2230 balatu:
569 2156 678 2254 sugite
697 2159 785 2230 mihi
805 2163 874 2232 cari
895 2159 996 2231 liberi
1009 2155 1175 2230 infaustos
1192 2177 1398 2241 venatores,
1416 2183 1451 2229 ne

413 2283 470 2330 me
489 2255 647 2332 miseram
663 2263 755 2352 capti
774 2279 919 2332 matrem
938 2283 1012 2329 non
1028 2278 1176 2333 matrem
1195 2259 1360 2335 reddatis.
1384 2261 1452 2332 Hu-

415 2353 567 2452 jusmodi
586 2357 652 2432 fari
672 2359 824 2433 dixeris:
861 2383 920 2431 eos
937 2381 1054 2430 aurem
1081 2359 1206 2430 stantes
1224 2384 1364 2442 coram,
1391 2363 1451 2452 pri-

360 2525 362 2534 ,
413 2482 512 2530 mum
532 2459 674 2554 quidem
694 2453 852 2534 occinere
867 2459 1050 2552 lugubrem
1068 2462 1216 2530 naeniam
1236 2463 1369 2532 circum
1388 2481 1450 2532 ma·

416 2575 526 2641 trem,
556 2561 718 2634 ca'eterum
737 2561 862 2634 deinde
878 2560 1042 2654 proloqui
1052 2559 1181 2632 dixeris
1197 2559 1387 2632 humanam
1398 2585 1451 2631 vo-

416 2685 492 2732 cem
516 2678 620 2753 rupto
654 2663 808 2751 balatu,
843 2683 973 2753 oreque
1005 2657 1050 2731 fic
1083 2656 1202 2732 sonare
1230 2661 1449 2754 loquentibus
1494 2704 1495 2707 =

410 2758 558 2850 similes,
578 2764 611 2834 a
630 2762 988 2853 precantibuspares:
1021 2782 1084 2852 per
1100 2761 1226 2848 Jovem
1242 2785 1444 2854 precam-ur,
1493 2772 1494 2787 ¹

407 2885 471 2954 per
487 2859 591 2952 ipsam
614 2864 763 2934 Dianam
775 2859 1008 2955 sagittiferam,
1035 2859 1180 2932 liberato
1198 2882 1345 2933 matrem
1369 2860 1448 2932 mihi
1493 2916 1494 2957 ,

412 2983 545 3049 caram,
583 2965 803 3054 pretiumque
825 2961 1076 3052 redemptionis
1100 2963 1232 3054 accipe,
1259 2962 1357 3055 quod
1376 2986 1448 3054 pen-

410 3059 492 3132 dere
510 3055 684 3152 possumus
702 3055 815 3134 miseri
831 3087 894 3154 pro
913 3079 1023 3132 matre
1051 3060 1265 3149 calamitosa,
1304 3088 1371 3135 nos
1394 3064 1447 3132 mi-

408 3155 484 3260 sero
499 3177 599 3230 natos
623 3156 719 3244 fat03
751 3160 847 3234 fledle
869 3181 971 3234 tuum
992 3163 1163 3233 immitem
1187 3166 1368 3244 animum,
1397 3187 1447 3232 vc

405 3281 487 3330 rens
504 3261 537 3330 &
557 3257 702 3332 deorum
718 3260 789 3343 fas,
813 3265 846 3334 dc
863 3262 968 3354 patris
981 3255 1189 3334 senestutem
1206 3320 1217 3350 ,
1248 3257 1377 3335 liforte
1388 3261 1446 3335 tibi

355 3381 363 3390 ·
403 3375 505 3448 pater
525 3360 695 3452 locuplete
710 3365 747 3433 in
770 3361 876 3434 domo
897 3363 1038 3434 residos
1060 3361 1119 3440 est.
1156 3363 1255 3434 Talia
1274 3368 1355 3454 quis
1376 3388 1447 3437 cen·
1491 3356 1492 3431 l

402 3453 517 3544 ,suerit
536 3453 713 3550 prccanre's
733 3463 858 3539 dicere.
899 3464 1035 3535 Verum
1054 3461 1117 3532 ubi
1135 3463 1229 3534 illius
1249 3487 1311 3534 cor
1331 3467 1445 3555 impla·

409 3558 519 3631 cabile
540 3559 718 3646 viderint,
742 3564 875 3653 (pudor
894 3589 916 3634 o
939 3579 1113 3656 quantus,
1137 3582 1309 3655 quantum
1325 3563 1445 3636 deiide

402 3662 501 3730 rium
517 3657 565 3732 est
579 3668 778 3754 parentum!
794 3661 940 3758 Jsponte
950 3665 1060 3734 vindi
1068 3661 1260 3735 voluntarii
1270 3666 1446 3738 accedunt.

447 3844 544 3932 ¹377.
569 3841 659 3913 Sunt
677 3863 794 3917 autem
810 3850 893 3916 oves
912 3839 997 3914 rusae
1017 3844 1149 3918 ultimae
1169 3847 1208 3917 in
1220 3843 1354 3918 finibus
1369 3847 1443 3918 Cre-

407 3956 463 4029 tae,
484 3942 521 4011 in
538 3939 665 4014 humili
679 3949 821 4036 regione
842 3945 1029 4033 Gortynia,
1049 3945 1296 4040 quadricomes
1307 3976 1318 4027 3
1345 3947 1444 4016 villus

409 4045 527 4112 autebi
541 4063 734 4136 purpureus
753 4047 885 4136 tergori
899 4042 1070 4116 obductus
1090 4045 1155 4127 est,
1185 4047 1319 4118 multus
1334 4048 1368 4117 δι
1387 4047 1444 4116 du·

400 4149 489 4223 tus,
527 4165 615 4233 pene
645 4167 752 4238 caprae
779 4142 897 4216 similis
930 4143 1116 4218 duriffimis
1135 4147 1215 4240 pilis
1246 4143 1446 4240 asperitate,

398 4252 479 4311 'non
501 4245 633 4313 ovium.

320 4393 323 4400 Δ
396 4445 403 4452 ·
456 4424 537 4504 382.
578 4422 699 4494 Talem
718 4419 789 4495 sere
808 4422 911 4494 etiam
934 4420 1040 4498 subus
1058 4423 1162 4499 habet
1183 4421 1439 4514 rusamsaciem',

403 4515 517 4590 colore
538 4515 737 4613 splendidus
759 4572 770 4608 ,
798 4545 922 4596 verum
939 4547 1018 4600 non
1037 4524 1109 4619 jam
1132 4525 1302 4609 villosam,
1329 4521 1443 4619 nequa
