3175 5434
362 553 454 642 286
704 559 734 620 a
765 555 788 618 r
819 555 842 617 1³
875 547 1002 615 rin
1036 549 1052 609 r

411 702 492 780 50‘5⁴
520 687 671 779 'shynni
697 687 729 757 &
756 681 860 776 gladii
891 678 1002 748 diram
1031 673 1163 767 semper
1188 693 1316 744 noxam
1343 657 1413 744 snh'

1504 355 1506 364 i

1504 375 1506 412 ξ

1504 421 1506 428 ι

1504 431 1506 442 ι

356 797 456 864 canis
473 807 654 867 exortum,
676 779 798 856 afisum
816 778 967 858 scilicet,
990 779 1108 870 pinnis
1124 772 1331 846 insidentem
1347 773 1405 843 hn-
1504 777 1506 796 ²

355 895 465 978 henr,
491 891 565 982 ¹qui
589 908 650 959 eos
681 886 787 956 tantis
817 878 999 951 doloribus
1027 873 1187 958 infestat,
1222 895 1329 968 atque
1360 877 1406 944 ita
1505 925 1506 928 ,

362 993 502 1062 divexat
524 983 693 1059 &surore
715 984 887 1059 concitat,
910 979 1011 1049 utin
1033 999 1141 1047 naves
1154 976 1332 1046 interdum
1350 997 1408 1044 ex·

361 1088 494 1168 saliant,
529 1103 632 1178 atque
654 1083 758 1157 etiam
772 1077 964 1172 'aliquando
985 1075 1152 1156 insitus,
1191 1073 1295 1166 ipsam
1316 1096 1408 1144 mor·

357 1209 433 1267 tem
451 1185 659 1259 cruciatibus
676 1195 919 1275 praeoptantes.
958 1173 1089 1247 Similis
1109 1175 1216 1248 hostis
1234 1178 1336 1245 etiam
1348 1175 1409 1244 bo·

363 1278 603 1366 v‘es'insestat,
630 1287 713 1376 qui,
746 1305 830 1352 cum
852 1275 964 1348 aculei
986 1275 1061 1365 ejus
1085 1281 1158 1348 vim
1178 1278 1215 1346 in
1242 1275 1409 1346 lateribus

366 1383 620 1484 persentiscunt
638 1413 668 1463 ,·
687 1379 820 1476 pastore
847 1374 1047 1470 pascuisque
1075 1376 1107 1447 &
1136 1399 1239 1470 grege
1260 1375 1409 1455 resistis,
1504 1407 1506 1418 ·

369 1486 464 1584 quasi
484 1485 602 1558 surore
621 1483 745 1575 perciti
764 1474 971 1572 aufugiunt3
1004 1497 1069 1546 nec
1092 1495 1156 1548 aut
1186 1474 1315 1546 fluvius
1352 1492 1412 1546 ant

366 1579 748 1683 praeruptum-saxum,
771 1597 837 1650 aut
856 1599 950 1650 mare
969 1596 1094 1647 eorum
1112 1578 1282 1666 impetum
1298 1599 1413 1646 mora·
1504 1631 1505 1634 ,

366 1706 449 1774 tur,
474 1683 531 1758 sed
547 1685 665 1756 omnia
683 1681 760 1754 loca
778 1677 956 1751 erroribus
982 1677 1015 1748 ἃ
1036 1675 1228 1770 mugitibus
1249 1677 1424 1778 implent.v
1504 1657 1506 1716 ³

365 1901 420 1971 Ex
453 1893 673 1990 Parapbrajie
708 1896 851 1986 Oppiani
882 1891 1086 1960 innominata
1112 1885 1204 1980 apud
1226 1888 1409 1966 Constitu.
1504 1881 1506 1890 ’

486 1996 710 2071 Gesnsnurn
734 1997 777 2068 H.
789 1995 832 2061 A.
849 2007 886 2081 p.
903 2013 987 2072 455.
1023 1989 1086 2058 Rei
1097 1987 1185 2084 fides
1201 2007 1302 2084 penes

781 2106 934 2161 autorem
947 2085 1006 2176 fit.

474 2271 621 2346 Gladius
644 2269 814 2344 balaenam
838 2261 1055 2359 conspicatus
1076 2261 1183 2360 usque
1209 2263 1297 2337 adeo
1320 2287 1414 2342 metu
1505 2275 1506 2310 ³

370 2370 638 2460 consternatur,
665 2368 866 2464 utgladium
885 2363 1195 2448 suuminterram,
1211 2365 1412 2451 autfertum,
1505 2449 1506 2452 Ἴ

369 2493 435 2548 aut
450 2474 597 2546 obvium
623 2469 731 2543 alium
755 2491 1001 2564 quemcunque
1026 2463 1131 2538 fundi
1154 2465 1270 2538 locum
1288 2471 1416 2560 impin.

368 2592 452 2670 gat,
480 2577 513 2646 sc
538 2576 587 2644 ita
613 2574 724 2663 capite
749 2565 862 2642 infixo
881 2565 915 2640 se
937 2567 1126 2642 contineat.
1166 2567 1303 2638 Balaena
1330 2593 1414 2640 vero

369 2691 558 2754 truncum,
586 2689 648 2744 aut
665 2669 764 2743 aliud
782 2665 961 2762 quidpiam
977 2661 1039 2738 eise
1063 2685 1211 2758 putans,
1236 2668 1415 2762 negligens

370 2791 605 2868 praeternamt
649 2771 736 2845 801ae
758 2787 877 2841 autem
900 2765 1064 2837 maenides
1094 2791 1174 2837 eum
1196 2767 1415 2860 conficiunt,
1444 2780 1448 2790 “

367 2897 414 2944 eo
433 2871 529 2964 qnod
543 2871 669 2964 pellem
693 2862 924 2942 tenuissimam
948 2863 1082 2938 habeat.
1118 2891 1198 2940 narn
1218 2891 1299 2940 cum
1321 2870 1425 2978 vide-l

370 2975 448 3050 rint
463 2996 565 3053 eum,
590 2971 876 3064 adpropinquant
896 2967 929 3040 &
950 2963 1112 3044 exedunt.

422 3197 506 3266 533.
530 3175 731 3269 Delphinus
742 3180 782 3252 in
795 3200 901 3250 omne
922 3175 1064 3271 piscium
1080 3199 1188 3268 genus
1201 3175 1414 3261 dominatur,

368 3299 485 3367 neque
498 3277 604 3347 modo
621 3278 748 3348 robure
762 3279 925 3374 prtesiat',
952 3277 1008 3351 sed
1030 3279 1061 3348 sc
1079 3271 1198 3347 formae
1221 3276 1416 3369 pulchritu-

369 3372 454 3466 dine
473 3377 506 3446 &
529 3377 702 3448 celeritate
721 3379 879 3452 excellit:
905 3402 987 3452 nam
1002 3399 1164 3468 tanquam
1175 3371 1294 3470 sagitta
1306 3403 1415 3450 nervo

367 3471 528 3568 expulsa,
555 3471 601 3551 sic
621 3475 663 3546 ad
683 3479 877 3552 natandum
894 3481 999 3568 velox
1024 3475 1081 3548 est.
1125 3469 1212 3548 Visu
1231 3478 1416 3551 oculorum

364 3571 560 3646 actitiffimo
579 3577 696 3657 valet,
730 3581 779 3650 ita
799 3599 839 3652 ut
857 3575 981 3670 piscem
997 3579 1102 3650 etiam
1130 3571 1190 3650 sub
1221 3578 1332 3670 lapide
1362 3581 1413 3650 vel

364 3678 407 3746 in
429 3679 543 3757 arenis
560 3677 727 3748 latentem
754 3675 943 3770 perspiciat.
990 3677 1155 3751 Similiter
1187 3681 1282 3748 enim
1313 3696 1416 3772 atque

366 3774 717 3867 volucribusaquila,
743 3781 890 3864 terrenis
904 3779 958 3848 leo
970 3769 1417 3870 imperat‚&serpentibns

366 3859 485 3955 (irato,
495 3876 533 3945 in
545 3873 690 3966 piscium
707 3882 849 3950 natione
872 3877 929 3948 hic
947 3877 1165 3956 dominatura
1182 3869 1297 3970 neque
1310 3877 1416 3972 pisces

364 3975 410 4046 ad
424 3999 504 4048 eum
516 3978 807 4068 appropinquare,
831 4000 943 4068 neque
952 3977 1085 4049 intueri
1097 3977 1228 4048 audent
1243 4028 1253 4059 ‚
1273 3973 1330 4050 sed
1340 4005 1418 4074 pru-

372 4078 429 4147 cul
442 4075 605 4146 exaudito
618 4077 694 4167 ejus
709 4076 793 4150 flatu
804 4075 961 4170 fugiunt.
989 4077 1110 4148 Iseum
1127 4071 1414 4172 ciburninquitit.

367 4177 501 4249 mustos
521 4171 666 4266 piscium
692 4197 814 4270 greges
837 4173 1322 4270 conturbat,eoraudemque
1344 4183 1419 4252 son-

303 4332 307 4342 ,
365 4299 445 4367 gam
457 4278 601 4346 &latam
615 4271 735 4370 sugam
752 4275 855 4360 sacis„
885 4279 950 4368 qui
962 4269 1207 4351 dumconserti
1221 4279 1416 4352 inlatebris

366 4371 402 4444 se
418 4362 608 4462 occultant,
624 4380 801 4468 optimum
822 4375 998 4470 quemque
1024 4377 1146 4470 diripit
1163 4381 1199 4452 sc
1222 4380 1408 4474 praedatur.
1505 4415 1506 4420 ¹

418 4603 438 4677 5
449 4602 503 4680 53·
533 4585 624 4659 Cum
644 4559 819 4684 delphicus
838 4605 957 4664 tamen
973 4612 1138 4684 magnum
1159 4589 1191 4664 ἃ
1209 4585 1335 4666 hostile
1346 4614 1415 4666 cer-
