3175 5434
1352 494 1360 534 l

310 575 454 657 ⁴252
709 575 1120 640 OPPIANI.

420 724 507 782 212.
533 701 663 794 Audivi
674 698 787 775 foveis
799 705 831 775 dr
842 698 943 774 fimili
957 697 1078 773 sraude
1089 701 1163 792 capi
1181 701 1285 772 etiam
1300 692 1406 770 thoas

370 805 608 900 impudentes,
626 805 660 875 u
673 823 797 896 genera
814 800 1060 893 pantherarum
1073 797 1165 882 salli,
1181 822 1304 870 verum
1316 799 1408 869 mul..

372 925 412 979 to
427 903 624 978 minoribus
641 899 765 978 foveis.
812 902 1021 972 Columnam
1039 921 1124 972 vero
1142 923 1216 971 non
1227 898 1405 990 lapideam

374 1005 534 1097 erigunt,
560 1001 618 1074 sed
630 1001 778 1092 stipitem
797 1022 944 1092 quercus
961 995 1101 1072 sestam.
1137 1021 1201 1070 nec
1219 993 1414 1070 sublimem*

374 1127 484 1194 caprae
500 1099 625 1174 soerum
647 1097 879 1193 suspendunt,
906 1095 963 1170 sed
981 1101 1096 1187 canis,
1122 1097 1221 1190 cujus
1240 1098 1405 1190 genitalia

373 1203 526 1294 deligant
548 1203 631 1274 loris
652 1196 828 1272 tenuibus.
865 1197 929 1274 Ille
953 1215 1070 1272 aurem
1093 1195 1205 1269 statim
1230 1200 1406 1270 cruciatus
1506 1211 1508 1226 ·

373 1299 556 1374 doloribus
571 1300 708 1372 ululans
726 1297 846 1381 latrat,
883 1295 1115 1390 &pantheras
1139 1297 1313 1373 inclamat.
1356 1298 1405 1368 Ea

372 1398 601 1473 autemvaldc
617 1397 763 1490 gaudet,
786 1421 915 1490 perque
932 1395 1050 1469 lilvam
1072 1399 1160 1470 terra
1173 1398 1254 1468 ruit.
1281 1397 1407 1468 Veluti

373 1523 455 1586 cum
468 1496 650 1592 piscatores
664 1495 762 1568 nalsae
776 1495 931 1569 fraudehr
949 1498 1146 1578 instruunt,
1170 1511 1272 1566 textae
1288 1491 1405 1587 sparto
1507 1543 1509 1552 ι

373 1595 568 1682 Salabinio,
594 1602 628 1672 dr
644 1601 683 1670 in
705 1593 781 1668 sinu
805 1597 970 1690 polypum
996 1614 1056 1668 aut
1075 1596 1239 1687 mugilem
1263 1592 1406 1668 alsatum
1508 1647 1509 1658 a

422 1714 525 1777 nunt.
567 1696 671 1770 nidor
689 1713 805 1769 autem
823 1691 997 1789 speluncas
1019 1695 1194 1788 pervadit,
1219 1692 1311 1766 &ad
1332 1691 1406 1766 nas-
1507 1747 1509 1762 i

370 1723 441 1872 soom
461 1793 568 1892 pisces
582 1794 702 1889 sponte
717 1795 871 1884 inducit,
891 1819 1005 1889 neque
1021 1791 1158 1888 poliunt
1167 1791 1284 1866 rursus
1301 1793 1403 1875 elabi,
1472 1803 1475 1816 “
1509 1809 1510 1832 ³

371 1895 434 1970 sed
459 1896 547 1970 tristi
575 1913 765 1968 occurrunt
790 1897 921 1966 exitio:
950 1893 996 1966 lic
1015 1895 1075 1968 illa
1092 1895 1244 1966 catulum
1266 1897 1404 1965 eminus

372 1997 518 2078 audiens
544 1999 655 2068 currit
679 1990 855 2076 &infilit,
892 1995 1024 2066 nullam
1041 1991 1203 2086 suspicata
1222 1990 1402 2076 sraudern,

372 2098 559 2188 ventrique
577 2092 737 2181 obsecuta
754 2095 942 2187 penetralia
954 2091 1227 2168 subitbarathri.
1265 2159 1269 2168 .

424 2328 511 2399 230.
550 2303 737 2380 Pantheras
755 2309 790 2380 ἀ
804 2307 949 2382 munera
964 2305 1081 2380 Liberi
1096 2309 1199 2398 patris
1214 2301 1405 2400 subigunt,

372 2401 533 2480 dolosum
551 2425 672 2499 potum
685 2403 907 2481 miscentibus
928 2403 1052 2477 dolosis
1072 2406 1317 2490 venatoribus,
1340 2409 1403 2500 qui

370 2507 510 2599 magnei
527 2502 600 2587 dei,
616 2504 733 2579 Liberi
742 2509 859 2599 patris,
870 2511 956 2580 iram
970 2529 1042 2577 non
1059 2510 1194 2582 timent.
1222 2505 1408 2579 Panthera:

373 2627 472 2678 nuno
488 2605 629 2698 quidem
648 2608 687 2677 in
708 2602 860 2679 serarum
877 2605 957 2680 sunt
978 2629 1119 2698 genere,
1155 2629 1277 2678 verum
1302 2625 1408 2678 antea

372 2728 451 2778 non
466 2700 548 2776 serae
559 2705 783 2788 truculentae,
799 2705 857 2779 sed
873 2701 1030 2780 formosae
1043 2707 1171 2800 glaucis
1181 2709 1290 2778 oculis
1304 2723 1410 2778 erant

371 2806 558 2896 mulieres,
592 2807 802 2890 vinolentam*
835 2802 1087 2900 pampiniferae,
1113 2809 1315 2894 trieterica,
1342 2805 1411 2877 llo.

331 2992 334 3003 ¹
369 2904 471 2992 ribus
484 2903 652 2977 redimitae
671 2923 793 2996 caput,
809 2905 933 3012 Bacchi
944 2901 1063 2977 furiosi
1084 2909 1117 2979 ab
1134 2903 1275 2979 choreas
1285 2928 1411 2977 aman.

323 3027 326 3033 ·
370 3007 419 3076 tis
435 3007 600 3082 nutrices.
637 3000 810 3076 insontem
829 3008 922 3078 enim
941 3003 1112 3077 Bacchum
1128 3009 1295 3099 Agenoris
1319 3004 1411 3078 edu.

372 3103 472 3176 oabat
487 3104 574 3186 Ino,
604 3125 788 3174 mammam
803 3105 959 3196 praebens
971 3107 1085 3196 primo
1103 3108 1186 3178 labbe
1205 3122 1409 3177 manantem

368 3200 447 3278 filio
459 3203 571 3290 Jovis.
604 3203 714 3274 Simul
731 3219 848 3276 autem
871 3209 999 3298 pariter
1015 3205 1216 3278 nutriebant
1239 3209 1412 3278 Autonoe:

372 3301 566 3397 deligare,
592 3319 823 3376 veruntamen
843 3327 917 3376 non
940 3306 979 3376 in
1006 3303 1224 3376 Athamantis
1242 3299 1412 3376 nefandis

370 3399 526 3484 aedibus,
551 3395 609 3470 sed
623 3404 663 3472 in
676 3425 817 3488 monte,
845 3428 950 3496 quem
959 3403 1098 3476 Merum
1111 3403 1262 3500 (femur)
1272 3429 1410 3497 cogno-

369 3502 467 3573 mine
487 3499 669 3579 vooabant.
698 3503 799 3589 Jovis
817 3505 910 3575 enim
929 3527 1087 3596 magnam
1104 3505 1286 3598 conjugem
1299 3506 1410 3579 valde

370 3596 616 3684 formidantes,
645 3601 888 3676 &Pentheum
903 3619 1092 3696 tyrannum
1105 3601 1217 3676 filium
1234 3602 1410 3679 Echionis

371 3701 553 3782 timentes,
571 3702 611 3771 in
627 3701 771 3796 abiegna
786 3701 975 3790 cistaJovis
993 3701 1147 3776 sobolem
1162 3703 1410 3792 condiderant,

368 3799 519 3891 pellibus
535 3798 763 3875 hinnulorum
780 3807 942 3885 terrum,
955 3802 1163 3898 racemisque
1182 3825 1410 3898 coronatum,

316 3889 321 3908 '
369 3900 407 3971 bc
416 3900 568 3990 inantro
578 3902 666 3973 circa
678 3926 825 3993 puerum
840 3902 990 3993 mysticis
1004 3902 1138 3978 choreis
1152 3905 1409 3995 tripudiabant,

368 4013 603 4090 tympanaque
623 3997 822 4090 pulsabant,
855 4006 888 4074 δι
911 4002 1066 4096 cymbala
1087 4004 1247 4076 manibus
1271 4011 1411 4098 quatie-

368 4094 475 4188 bant,
503 4123 574 4191 quo
587 4102 686 4190 pueri
698 4104 834 4194 vagitus
850 4103 1007 4184 celarent
1036 4105 1159 4177 Primae
1174 4129 1259 4176 vero
1272 4109 1412 4198 aperie'-

367 4193 455 4268 bant
466 4195 589 4270 Bacchi
607 4195 697 4270 sacra
719 4200 859 4290 mystica
878 4205 1047 4275 occultam
1068 4207 1200 4276 circum
1227 4205 1344 4276 cistam
1368 4210 1411 4282 80

369 4317 450 4367 cum
466 4294 524 4368 his
541 4299 702 4369 Boeoticae
720 4301 858 4371 occulte¹
868 4305 963 4395 orgia
981 4302 1199 4376 celebrabant
1219 4305 1422 4405 mulieres,

368 4391 508 4477 Deinde
524 4417 566 4464 ex
578 4415 697 4470 monte
713 4416 831 4471 autem
844 4397 924 4474 fidis
944 4428 1023 4476 cum
1041 4399 1141 4475 sociis
1161 4404 1330 4496 parabant
1342 4429 1413 4478 va.

370 4491 445 4585 gari
457 4492 644 4570 boeoticam
656 4516 754 4575 extra
769 4517 909 4578 terram.
933 4504 1108 4580 futurum
1122 4506 1217 4581 enim
1232 4519 1306 4579 erat
1316 4503 1420 4602 jam,
