3175 5434
378 516 457 608 ³48
765 483 1026 604 nme

370 671 389 714 a
410 647 586 715 terrestrium
609 643 779 709 animalium
804 655 925 716 natura,
944 659 1034 719 quam
1052 642 1252 718 marinorum,
1275 641 1414 708 exorsum
1512 677 1513 706 l

368 730 472 808 suisse3
503 728 640 790 estcnim
659 725 733 786 mibi
753 723 809 786 alia
828 723 946 788 ratiuin
962 735 1098 800 promtu,
1131 743 1187 801 qua
1209 726 1251 786 ita
1270 725 1412 795 confido,
1512 715 1513 736 ¹

365 826 404 892 ‘ut
421 811 533 888 liquide
551 807 745 884 pronunciare
762 805 903 876 audeam,
928 821 1045 866 carmen
1062 806 1099 866 de
1114 807 1280 868 venatione
1294 807 1330 866 ab
1353 808 1413 884 Op-

362 898 481 974 pium,
516 889 567 950 nist
584 908 659 964 pene
678 906 771 963 putto
789 885 912 959 adhuc,
945 888 973 946 dt
996 905 1141 962 germana
1169 886 1280 946 indolis
1305 886 1413 961 linguat

366 992 469 1051 praeca
484 969 600 1046 prorsus
616 970 737 1044 ignaro,
760 963 846 1028 scribi
863 985 924 1027 non
940 965 1076 1041 potuisse.
1115 967 1297 1042 Compatcnt
1311 964 1412 1040 quaeso

367 1055 425 1114 viri
446 1050 667 1126 intelligentes,
700 1050 727 1108 dt
754 1065 854 1124 graecae
877 1044 985 1122 linguae
1003 1046 1095 1123 probe
1117 1048 1205 1124 periti
1232 1045 1413 1122 elegantiam

366 1131 513 1195 librorum
593 1127 772 1199 piscatione,
793 1145 863 1190 cunr
883 1128 1011 1200 duritie,
1032 1126 1096 1194 sere
1122 1126 1249 1190 dixerim
1276 1125 1413 1190 barbarie

366 1212 527 1284 dictionis,
550 1231 586 1286 qu
632 1227 682 1284 per
698 1221 822 1283 quatuor
837 1205 964 1282 reliquos
975 1207 1221 1286 Cynegeticorum
1238 1206 1330 1268 libros
1346 1207 1413 1268 ubi·
1512 1259 1513 1282 ,

364 1313 425 1370 pue
444 1293 535 1370 magia
554 1289 652 1352 latina
670 1288 778 1366 lingue
795 1286 946 1360 indolem,
973 1307 1062 1366 quana
1078 1303 1179 1362 graecae
1197 1288 1338 1348 ditiionis
1358 1306 1413 1348 na-

367 1375 466 1436 tivum
484 1377 703 1448 &germanum
722 1370 848 1430 nitorem
865 1387 922 1444 ptae
938 1367 967 1430 se
979 1369 1060 1442 fert;
1081 1368 1266 1430 confiderent
1284 1366 1412 1444 singulas
1512 1433 1513 1438 ,

365 1452 494 1524 universr
511 1452 608 1526 operis
623 1448 772 1526 totiusque
788 1449 995 1512 devenntione
1011 1448 1171 1526 discipline
1187 1462 1300 1525 partes,
1320 1449 1409 1523 quani
1512 1501 1513 1504 ,

365 1534 444 1596 male
459 1533 588 1598 structa.
610 1551 696 1607 quam
714 1531 815 1605 inepte
829 1531 925 1592 verbis
946 1533 973 1590 tt
992 1528 1143 1592 sententiis
1157 1531 1325 1604 conjunctae
1343 1528 1409 1600 snt,

364 1633 424 1696 pec
435 1613 544 1684 credo,
565 1611 748 1674 dubrtabunt
762 1609 916 1672 sententia
930 1609 1033 1672 nostrae
1050 1611 1200 1674 accedere.
1240 1609 1286 1670 De
1300 1609 1359 1668 fide
1381 1613 1411 1670 dr

365 1694 520 1772 diligentia
541 1695 570 1754 in
590 1691 781 1754 describenda
802 1689 972 1753 animalium
997 1691 1092 1752 sonna
1110 1694 1137 1754 tc
1156 1703 1258 1752 natura
1278 1689 1412 1752 hicnon

364 1775 569 1852 disputamus,
602 1773 708 1850 quibus
727 1773 902 1852 Oppianum
928 1769 1102 1848 propensam
1128 1769 1262 1836 meruisse
1288 1768 1411 1832 laudern

364 1875 564 1934 magnamque
581 1875 598 1915 a
618 1851 715 1916 nostra
735 1853 1003 1928 inprimis-atate,
1032 1871 1088 1928 qua
1107 1871 1204 1916 rerum
1229 1850 1411 1913 naturalium

363 1936 555 2014 perscrutatio
576 1931 725 2002 acerrimis
753 1937 781 1994 ἃ
807 1933 943 1994 felicibus
967 1933 1098 1996 virorum
1121 1934 1277 1993 donorum
1303 1930 1412 1992 studiis

364 2019 464 2093 viget,
495 2015 588 2076 iniisse
609 2016 732 2091 gratiam
749 2013 935 2076 confitemur.
976 2015 1110 2089 Denique
1140 2013 1222 2088 quod
1245 2013 1413 2074 Tidtmorrt

362 2116 402 2162 ex
421 2094 504 2156 versu
520 2115 564 2168 pr.
584 2092 734 2168 ἐχωσάμην
749 2091 856 2168 ssrr'pior
876 2120 903 2154 rr
921 2093 982 2164 δύας
997 2100 1042 2156 rud
1058 2091 1246 2160 Kenetdo'ruru
1264 2091 1412 2155 eliciebat

301 2182 306 2192 “
363 2175 503 2251 scripturn
521 2174 593 2236 olim
609 2176 646 2234 ab
663 2176 806 2253 Oppiuno
819 2173 902 2236 suilse
918 2174 1028 2236 bellurn
1040 2175 1202 2248 Persicum,
1223 2171 1410 2242 falsumette,

363 2256 506 2325 cuilibet,
529 2257 578 2331 qui
594 2274 717 2332 graecam
729 2253 859 2330 linguam
879 2254 984 2324 callet,
1005 2255 1168 2331 apparebit·
1208 2253 1337 2314 Verbum
1356 2255 1411 2315 ad-

361 2339 433 2402 dam
450 2337 487 2396 de
505 2334 619 2412 scriptis
640 2335 784 2416 Oppiani.
810 2336 944 2411 Quatuor
961 2337 997 2397 de
1013 2336 1177 2398 venatione
1194 2333 1284 2396 libros
1300 2355 1411 2395 nume·

362 2431 408 2480 tat
427 2418 555 2488 Suidas,
579 2417 658 2477 unde
682 2416 822 2489 coniicias
843 2417 979 2491 quintum
1003 2417 1068 2490 eiua
1086 2429 1171 2478 aetate
1185 2435 1252 2477 non
1278 2415 1409 2490 amplius

363 2496 525 2570 exstitisse,
548 2497 627 2571 quud
645 2495 840 2558 delxeuticis·
852 2497 941 2559 etiarn
957 2513 995 2560 ex
1011 2497 1071 2560 vita
1086 2497 1221 2576 Oppiani
1235 2514 1251 2554 a
1263 2496 1412 2558 constan.

363 2579 430 2641 tino
454 2575 600 2654 Munuffe
615 2573 721 2652 scripta
736 2575 966 2654 colligerelicet.
993 2578 1214 2641 Suidustamen
1227 2576 1304 2648 dnos
1316 2575 1409 2638 Ixeu·

362 2657 494 2720 ticorum
508 2656 598 2718 libros
615 2659 768 2731 norninat3
789 2669 894 2718 contra
909 2670 994 2722 autor
1015 2658 1082 2722 vitae
1102 2658 1278 2738 Oppianiin
1296 2657 1408 2728 codice

360 2737 506 2813 Juntino,
528 2757 616 2814 quam
633 2739 772 2800 Aldus&
794 2739 948 2800 Turnebus
961 2740 1160 2816 repetierunt,
1182 2738 1255 2802 &in
1271 2737 1410 2800 Palatino

359 2820 477 2880 minore
493 2817 617 2878 affirmat
635 2819 806 2893 Oppianum
820 2838 937 2881 carmen
954 2821 991 2880 de
1014 2820 1196 2889 Venatione,
1218 2816 1408 2894 alterumque

360 2900 399 2960 de
414 2900 548 2973 Aucupio
564 2899 661 2973 quinis
677 2897 759 2960 libris
767 2898 1030 2976 comprehendisse.
1073 2900 1223 2962 Habemus
1239 2899 1331 2960 hodie
1342 2911 1407 2962 tres

358 2979 399 3040 de
420 2979 555 3054 rlucupio
580 2978 671 3038 libros
693 2998 730 3040 ex
755 2979 916 3055 paraphrasi
943 2979 1072 3056 prosaica
1091 2982 1233 3044 Eutecnit'
1253 2977 1302 3040 vel
1325 2979 1408 3044 alius

357 3059 539 3122 innominati
558 3061 686 3130 autoris,
707 3058 758 3121 sed
779 3079 817 3122 ex
833 3079 956 3125 nurnero
977 3059 1342 3138 librorum-paraphrastes
1363 3062 1406 3127 de

358 3139 567 3218 distributione
591 3140 680 3214 ipfius
704 3142 843 3209 carminis
866 3141 1116 3214 conjecturandi
1140 3143 1259 3220 nequit3
1288 3141 1408 3204 deinde

359 3220 450 3280 etiam
472 3239 534 3280 non
554 3218 629 3280 levis
647 3220 688 3282 est
703 3222 741 3282 de
757 3241 828 3283 vero
841 3220 985 3284 librorum
1011 3223 1048 3286 dc
1070 3225 1204 3299 Aucupio
1224 3239 1328 3286 autore
1345 3223 1408 3286 du·

357 3297 486 3391 bicario,
509 3300 589 3374 quod
606 3301 680 3360 infra
698 3302 861 3377 apparebit.
906 3301 997 3378 Quod
1016 3304 1144 3381 denique
1156 3305 1193 3366 de
1205 3304 1286 3368 duno
1303 3301 1406 3380 splen·

356 3376 528 3449 dtdrlsrmo,
548 3397 605 3453 quo
621 3381 812 3460 Antoninus,
840 3380 890 3444 seu
908 3395 940 3446 ut
957 3385 1143 3452 Sozonrtnus
1163 3383 1250 3457 vult,
1272 3384 1405 3448 Severus

360 3459 538 3538 Oppianum
556 3458 904 3536 honoravit,.traditur,
934 3464 972 3524 ad
992 3484 1083 3526 unum
1099 3466 1137 3528 de
1152 3463 1315 3542 piscatione
1332 3485 1404 3532 ‚car-

287 3597 290 3601 .
354 3557 427 3602 rnen
447 3540 594 3616 pertinere
614 3559 652 3602 cx
675 3543 891 3609 sozomeno&
911 3541 972 3618 ipso
995 3546 1145 3622 Scriptore
1173 3545 1239 3608 vitat
1259 3547 1404 3625 Oppiani

354 3619 467 3684 clarum
481 3620 534 3682 est?
575 3621 672 3697 Quare
696 3621 807 3685 nollem
833 3623 1050 3702 Jtirrerspustus
1081 3630 1109 3688 ἂ
1136 3627 1334 3703 Windingius
1353 3629 1405 3687 in.

354 3701 476 3778 genium
490 3701 658 3780 digitosque
677 3705 709 3764 in
729 3702 920 3780 supputandis
938 3707 1100 3770 rationibus
1119 3707 1218 3768 Surda
1239 3707 1404 3772 contrivis-

352 3779 437 3875 sent,
458 3799 528 3842 cum
543 3781 605 3842 sere
617 3785 717 3845 omnia
733 3805 796 3860 quae
816 3785 1017 3866 deoppinno
1042 3788 1215 3862 truduntur,
1241 3789 1339 3854 ¹dubia
1371 3793 1406 3852 dt

354 3872 468 3922 incerta
487 3858 553 3924 tint
596 3862 739 3939 Equidem
756 3865 806 3924 hic
823 3885 890 3940 cunr
903 3866 1139 3943 Socrate‘sapere
1150 3869 1326 3938 maluerim.

415 3942 450 4006 u.
464 3959 508 4002 12.
536 3941 670 4009 dotare
690 3945 844 4006 Turnebus
860 3945 892 4006 ira
909 3947 1052 4010 varietate
1068 3961 1232 4020 memorat,
1242 3953 1271 4012 dr
1285 3950 1402 4015 Codex

350 4021 464 4099 Regios
493 4020 720 4099 superscriptum
744 4025 846 4092 habet.
938 4026 979 4094 ri..
996 4049 1040 4102 ις.
1072 4028 1177 4090 didi-na
1205 4035 1259 4106 rupi
1286 4031 1401 4102 saurir.
1509 4029 1511 4034 ’

352 4104 499 4167 Scdottur
510 4101 581 4170 obs.
596 4105 685 4167 Hum.
717 4125 745 4183 p.
759 4117 809 4174 88,
830 4107 861 4168 in
871 4107 1058 4176 ntembrania
1075 4108 1150 4176 πέλει
1165 4109 1259 4182 inurit
1273 4115 1400 4189 reperit.

350 4183 426 4283 (jod.
445 4184 564 4286 Regius.
599 4184 631 4248 ri.
645 4203 691 4247 22·
708 4213 748 4282 pp:
766 4188 827 4247 ’ἕλοιο
844 4185 1089 4266 superscriptum,
1106 4193 1134 4254 dt
1152 4192 1295 4268 deinceps
1311 4193 1349 4254 eoi
1374 4192 1403 4254 i*

349 4269 462 4405 atat
478 4265 1129 4416 trttutttltffltttttttitt
1145 4270 1292 4388 tit*
1308 4273 1398 4416 St*

341 4423 385 4490 ri.
397 4442 445 4516 3⁴·
469 4372 714 4500 dldina‘eprfmir.
749 4428 862 4506 Regius
886 4373 1403 4510 nim,rezpmngffflffipeerpxss

348 4501 460 4581 scriptu
475 4530 517 4568 et.
561 4571 564 4577 ,
596 4509 631 4580 ri,
644 4526 693 4588 ἧς.
710 4508 765 4574 Pro
775 4513 855 4579 Arria
868 4508 952 4595 itit,
969 4512 1004 4576 in
1025 4515 1160 4595 margine
1177 4509 1403 4582 uulnerata
